1967 3600
35 997 38 1003 ³
152 1006 155 1009 “
222 1025 314 1092 putat.

219 297 294 418 *riq
343 329 381 401 C.
407 328 582 400 Pirrrrr
607 326 796 396 Nnrurr.

221 448 291 509 mali
309 445 409 509 Punici
425 444 557 507 succo&
573 443 641 505 oleo
666 442 764 505 semen
785 460 905 525 potunt.

222 527 402 589 Xenocrates
418 526 503 586 tradit
515 545 578 585 reru
590 525 712 598 miram,
723 526 747 584 si
758 545 831 584 vera
840 523 904 588 eil:

212 607 365 691 {menstrua
384 607 525 666 contineri
541 626 599 665 uno
619 605 685 680 die,
698 607 722 664 si
733 626 821 665 unum
840 606 905 688 gra·

221 710 292 751 num
312 688 437 749 biberint
455 685 589 746 feminae:
602 684 710 758 biduo,
723 687 746 745 si
759 685 819 745 duo
839 708 847 746 :
869 686 904 747 δι

221 768 345 829 totidem
372 765 472 827 dicbus
499 783 573 846 quot
601 786 688 847 grana
723 762 904 845 sumpserint.

221 847 338 919 Marcus
368 845 483 920 Varro,
507 847 660 906 coriandro
688 844 808 906 subtrito
835 866 903 906 cum

220 945 321 1000 aceto,
331 946 448 1013 carnem
465 928 661 1008 incorruptam
678 924 773 986 aestate
793 922 903 987 servati

227 1128 232 1135 ·
262 1085 426 1149 LXXXIII.
446 1086 582 1169 Atriplex
601 1087 634 1148 δι
655 1083 786 1146 silvestre
809 1086 843 1149 δι
860 1084 903 1146 sa·

219 1171 315 1230 tivum
333 1167 384 1229 est.
413 1167 593 1250 Pythagoras
615 1184 768 1247 gtamquam
790 1165 902 1227 faceret

220 1249 422 1331 hydropicos,
440 1246 617 1328 morbosque
628 1250 741 1386 tepor,
756 1246 789 1307 &
809 1246 903 1328 pallo-

220 1350 302 1403 rem,
319 1346 550 1411 concoqueretur
569 1324 668 1387 difficil
679 1327 756 1387 ime:
773 1347 810 1386 ac
826 1347 863 1388 ne
873 1329 902 1386 in

208 1410 314 1473 vhortis
334 1409 453 1493 quidem
470 1407 550 1489 juxta
571 1406 601 1468 id
625 1407 700 1470 nasci
724 1407 901 1489 quidquam,

222 1494 277 1553 nisi
292 1489 478 1572 languidum,
494 1488 630 1569 culpavit.
652 1486 803 1549 Addidere
828 1487 901 1549 Dio·

221 1566 378 1653 nysius&
396 1567 538 1641 Diocles,
555 1569 696 1650 plurimos
712 1569 791 1649 gigni
812 1587 899 1629 exeo

221 1649 353 1712 morbos.
374 1647 443 1709 Nec·
456 1650 511 1708 nisi
530 1649 640 1709 mutati
660 1647 734 1729 saepe
754 1669 772 1706 a
794 1649 831 1708 ud
853 1668 900 1707 co·

148 1734 153 1790 ,“
223 1729 389 1826 quendum:
403 1727 553 1790 stomacho
566 1731 739 1789 contrarium
749 1671 828 1803 elle,
841 1728 901 1788 len·

452 1890 519 1950 taut
530 1829 663 1952 pffi
680 1809 900 1952 liliissnlusaif

221 1815 326 1907 tigrnes
348 1809 515 1951 &papulas

222 1889 377 1954 difficulter
392 1894 422 1950 in

222 1971 274 2032 lon
286 1968 462 2052 Smyrnaeus.
481 1968 674 2051 Hippocrates
684 1971 841 2033 vulvarum
856 1969 913 2029 vi·v

222 2054 269 2114 tiis
284 2051 316 2111 id
333 2050 457 2112 infundit
474 2070 541 2110 cum
559 2051 635 2112 betd.
664 2050 762 2131 Lycus
781 2049 900 2130 Neapo-

223 2134 327 2193 litanus
349 2148 448 2193 contra
468 2130 648 2192 cantharidas
669 2130 830 2192 bibendum
849 2130 899 2189 de·

223 2215 274 2273 dit.
287 2211 380 2273 Panos
390 2256 401 2285 ,
411 2211 578 2274 furunculos
589 2213 775 2291 incipientes3
786 2212 899 2272 duritias

225 2311 346 2365 omnes,
363 2291 413 2351 vel
431 2293 515 2352 coeio
527 2292 578 2354 vel
597 2292 689 2353 ¹crudo
707 2292 816 2353 utiliter
830 2291 898 2354 illini

223 2373 343 2457 putavit.
364 2369 438 2432 ltem
451 2374 549 2453 ignem
570 2369 699 2446 sacrum,
715 2393 781 2433 cum
796 2372 897 2443 melle,

223 2472 309 2515 aceto
317 2454 452 2534 nitroque
462 2476 469 2514 ε
481 2451 609 2513 similiter
621 2454 772 2535 podagras.
780 2454 831 2514 Un
849 2470 898 2511 ues

222 2533 338 2596 scabros
358 2533 510 2595 detrahere
528 2533 631 2595 dicitur
643 2535 706 2593 sine·
714 2534 822 2594 ulcere.
830 2472 897 2592 dunt

224 2617 274 2695 qui
295 2614 329 2678 ὃ(
347 2614 453 2675 morbo
464 2616 546 2697 regio
564 2614 634 2675 dent
652 2611 898 2691 semenejuscum

223 2693 328 2766 melle,
339 2696 452 2755 arterias
461 2697 494 2756 ὃ(
505 2695 634 2755 tonsillas
643 2697 718 2755 nitro
726 2694 826 2754 addito
838 2710 899 2773 per·

175 2819 176 2822 η
223 2771 344 2847 fricent,
356 2774 452 2836 alvum
465 2790 621 2845 moveant,
631 2774 715 2836 coilo
725 2774 776 2835 vel
788 2770 898 2854 perse,

185 2902 188 2907 .
222 2852 274 2939 pel
289 2873 355 2916 cum
374 2853 471 2928 malui
488 2872 538 2918 aut
556 2855 897 2927 tenuent,c0ncitantes
