1967 3600
17 549 19 572 l

17 583 19 654 l

37 352 41 356 ’
161 366 456 443 Hrsron.Lib.
468 369 602 446 XXIV.
653 397 723 474 357

85 486 125 550 it:
141 507 203 571 quae
226 490 261 551 &
278 509 370 564 aron,
386 489 424 552 de
447 490 506 573 qud
525 493 600 552 inter
616 492 721 556 bulbos

71 569 77 582 ‘
95 569 181 642 mus,
200 588 389 651 magnacum
399 570 549 633 dracontio
563 572 630 634 litis.
645 571 724 653 Qui·

17 713 18 716 Ἴ
55 647 112 707 dam
132 651 208 709 enim
229 650 364 710 eamdem
385 648 442 711 else
463 652 606 713 dixerunt.
627 652 725 715 Glau-

55 730 106 787 cias
126 728 184 790 satu
203 728 357 803 discrevit,
369 730 548 796 dracontium
563 733 725 796 silvestrem
786 740 791 748 '

54 827 123 869 arum
140 810 363 890 pronuntiando.
385 810 486 893 Aliqui
505 813 632 875 radicem
649 836 724 876 aron

54 888 237 969 appellarunt,
256 890 366 951 caulem
384 894 457 953 verb
475 892 675 969 dracontium,
687 898 719 956 in

56 983 137 1030 totum
150 971 260 1043 alium,
276 972 301 1029 si
321 969 413 1032 modb
433 971 479 1031 hic
492 971 557 1044 est,
576 977 624 1054 qui
641 975 721 1057 apud
738 975 742 980 ’

55 1067 100 1108 nos
112 1051 301 1112 dracunculus
314 1068 444 1113 vocatur.
453 1050 588 1133 Namque
599 1075 664 1115 aros
674 1075 723 1116 ra-

54 1127 137 1190 dicem
147 1134 259 1272 criptam
274 1132 304 1191 in
320 1131 500 1211 latitudinem
511 1135 719 1195 rotundamha·

17 1213 18 1216 ’
54 1207 115 1284 bct,
132 1232 180 1271 mu
193 1209 285 1292 tdque
310 1210 477 1291 majorem,
493 1213 604 1294 &qui
622 1231 723 1275 manus

17 1379 19 1470 l

54 1288 199 1371 impleatur.
213 1290 412 1352 Dracunculus
425 1290 607 1367 subrutilam,
619 1293 652 1353 &
664 1292 725 1354 dra·

54 1372 123 1431 tonis
142 1371 294 1434 convoluti
308 1372 420 1433 modo:
437 1371 594 1434 undc&ei
604 1393 725 1436 nomen.

17 1477 18 1480 ¹
85 1448 176 1514 XCII.
197 1450 284 1529 Quin
304 1451 337 1513 bt
356 1453 412 1533 ipsi
430 1448 528 1512 Graeci
549 1453 721 1518 immensam

54 1530 162 1609 posuere
192 1530 407 1605 differentiam,
431 1530 529 1593 semen
558 1533 724 1594 dracunculi

56 1608 299 1688 fervensmordax
320 1632 356 1673 ue
373 1612 537 1674 tradendo:
556 1630 725 1695 tantumque

56 1692 79 1749 ei
95 1695 171 1754 virus
186 1737 198 1767 ,
218 1709 251 1754 ut
273 1634 412 1753 obianum
443 1692 569 1774 gravidis
587 1694 723 1754 abortum

55 1769 153 1836 inserat.
166 1771 252 1836 Aron
266 1775 346 1835 miris
362 1771 493 1835 laudibus
508 1773 656 1836 extulere:
667 1777 726 1857 pri·

54 1854 124 1915 ruirm
141 1857 173 1915 in
191 1854 262 1915 cibis
279 1852 417 1916 seminam
438 1853 639 1936 praeferentes,
649 1877 726 1938 quo·

54 1934 121 1994 niam
148 1956 213 1995 mas
238 1935 335 1995 durim
360 1932 445 2011 esset,
464 1937 499 1997 &
515 1937 546 1995 in
568 1937 725 2018 coquendo

56 2010 159 2079 lentior.
180 2013 307 2075 Pesioris
322 2016 392 2075 vitia
407 2035 547 2099 purgare:
563 2016 595 2077 &
612 2018 725 2079 aridum

53 2091 78 2159 iu
95 2097 215 2175 potione
236 2093 413 2176 inspersum,
424 2114 473 2154 aut
484 2096 654 2176 ecligmate,
666 2101 725 2157 uri·

53 2191 110 2235 natu
127 2178 162 2239 ὃ(
181 2172 292 2235 meuses
322 2177 408 2235 ciere.
427 2170 474 2234 Sic
497 2175 532 2235 ἃ
548 2177 578 2231 in
595 2182 725 2254 oxyme-

54 2250 96 2313 lite
110 2272 215 2337 potum
234 2253 403 2316 stomacho:
418 2251 626 2336 interaneisque
644 2254 726 2314 exul·

53 2339 145 2398 teraris
165 2355 202 2396 ex
222 2333 294 2396 lade
310 2332 402 2397 ovillo
420 2333 598 2395 bibendum:
616 2333 653 2409 ad
665 2331 726 2394 tus·

705 2414 756 2427 «0¹

54 2414 115 2485 um,
124 2419 157 2477 in
169 2418 265 2477 cinere
275 2414 388 2476 coslum
398 2434 434 2474 ex
443 2414 511 2474 oleo
524 2412 645 2474 dedere.
662 2413 726 2473 Alu

52 2511 149 2559 curere
166 2497 197 2555 in
220 2493 314 2570 lade,
337 2515 369 2556 ut
393 2492 546 2555 decoslum
568 2492 727 2555 biberetur.
758 2550 761 2558 ,

53 2568 199 2665 ξρὶρὶιοῐίε
211 2575 320 2639 elixum
336 2572 518 2656 imposuere:
532 2572 601 2631 item
616 2569 728 2653 sugilla-

52 2655 242 2731 euronotus.
264 2654 309 2717 Ex
326 2656 395 2716 oleo
412 2650 657 2733 haemorrhoidum
677 2654 727 2712 vi·

52 2732 89 2794 tio
107 2736 261 2806 infudere,
276 2735 426 2818 lentigines
444 2754 480 2793 ex
499 2730 588 2792 melle
610 2729 726 2792 illinen-

53 2823 101 2876 tts.
113 2816 257 2878 Laudavit
275 2812 477 2897 Cleophantus
492 2813 526 2873 ὃ(
539 2833 593 2893 pro
611 2808 725 2874 antido·

51 2905 80 2959 to
97 2913 198 2962 contra
214 2915 352 2961 venena:
371 2893 548 2978 pleuriticis,
567 2895 726 2978 peripneu,
