1967 3600
201 289 273 340 202
326 266 362 337 C.
388 265 577 336 Prrnrr
602 263 787 337 Nrrun'.

243 383 346 447 Illos.
372 383 436 446 Jam
460 385 535 445 verb
560 380 637 461 infici
658 381 757 445 vestes
782 383 894 447 scimus
978 401 982 436 1

202 465 365 529 admirabili
382 466 459 527 fuco.
477 465 577 545 Atque
597 480 631 525 ut
648 464 782 525 sileamus
798 466 895 532 Gala·
980 495 981 514 2

203 552 274 622 riae,
292 546 417 616 Africae,
440 544 593 604 Lusitaniae
613 547 737 685 granis,
762 566 894 609 coccum
977 567 982 602 r

203 629 396 709 imperatoriis
410 626 536 686 dicatum
565 624 610 685 alu
633 629 765 700 amentis,
775 625 883 689 Trans
882 661 895 676 ·
977 624 982 656 *

202 711 299 793 alpina
317 706 413 768 Gallia
429 705 526 766 herbis
542 646 572 767 i*

203 792 241 851 lia
256 790 376 869 tinguit,
396 784 555 869 omnesque
580 786 651 848 alios
678 787 807 849 colotes.
824 789 894 850 Nec
977 813 980 842 1

203 871 305 953 quaerit
327 871 357 927 in
376 866 527 950 profundis
541 870 687 941 murices,
704 867 791 949 seque
812 868 894 948 obji·
978 893 982 926 ε

202 949 309 1013 ciendo
324 948 436 1021 escam,
456 951 528 1027 dum
538 952 674 1031 'praeripit
687 948 791 1009 belluis
804 953 893 1011 mari·

203 1030 380 1104 nis‚intasla
398 1029 615 1109 etiamfancoris
634 1028 773 1090 scrutatur
791 1033 892 1106 vada,

572 709 638 787 yria
651 724 735 789 atque
753 710 895 789 conchy-
977 730 982 763 r

202 1127 237 1178 ut
254 1114 383 1182 inveniat
398 1109 667 1192 perquodsaciiiits
686 1128 821 1171 matrona
838 1113 892 1172 ad·
980 1138 982 1170 s

202 1194 299 1335 assitere
308 1194 445 1336 placeat,
460 1200 610 1287 'corruptor
620 1191 769 1251 insidietur
778 1211 892 1274 nuptae.

225 1294 287 1337 tans

360 1277 390 1334 in
410 1276 487 1334 sicco
507 1289 613 1353 carprt,
631 1293 691 1354 quo
707 1271 805 1354 fruges
826 1296 891 1335 nro·
980 1327 981 1332 ,

202 1355 267 1417 do:
283 1353 333 1416 sed
348 1356 434 1435 culpa
453 1373 514 1414 non
532 1354 610 1415 ablui
629 1351 696 1412 usu:
709 1352 821 1435 alioqui
831 1354 891 1415 ful-
980 1385 981 1398 π

204 1438 320 1519 gentilis
337 1434 435 1496 instrui
453 1451 571 1515 poterat
590 1434 715 1506 luxuria,
735 1436 817 1494 certe
843 1438 891 1495 in·
980 1482 982 1488 ,

203 1519 366 1582 nocentius.
389 1514 460 1576 Non
477 1515 520 1576 est
535 1536 610 1575 nunc
632 1518 820 1596 propositum
837 1515 891 1577 ista

202 1596 377 1659 consectari:
396 1618 450 1657 nec
473 1599 662 1668 omittemus,
679 1611 711 1655 ut
732 1593 890 1676 subjicien-

202 1679 245 1739 do
269 1677 384 1741 utiliora
404 1677 545 1739 luxuriam
568 1677 681 1737 vilitate
702 1676 891 1738 vcircurrrscri·

202 1760 330 1833 bamus,
350 1756 449 1820 dauri
470 1760 503 1821 &
525 1757 593 1819 aliis
613 1756 710 1817 herbis
731 1759 824 1840 tingui
847 1759 890 1819 ia·

201 1842 310 1921 pides,
328 1839 507 1920 parietesque
530 1840 619 1981 pirplgi.
646 1837 713 1898 Nec
734 1841 889 1921 tinguendi

179 1997 182 2002 ¹
201 1937 299 1981 tamen
317 1922 458 1981 rationem
478 1923 563 1980 omisi
587 1939 684 1993 emus,
700 1921 725 1978 si
747 1940 889 2002 umquam

201 2021 238 2061 ea
254 2000 415 2063 liberalium
431 2003 533 2060 artium
554 1998 660 2060 suisset.
682 1998 804 2060 Interim
825 2000 891 2062 for·

185 2082 258 2143 ‘tiirs
278 2097 397 2164 agetur:
409 2079 617 2164 audientesque
628 2099 733 2162 quanta
745 2080 890 2143 debeatur

201 2164 291 2229 etiarn
307 2161 417 2235 surdis,
429 2163 487 2223 hoc
506 2161 549 2223 est
559 2207 569 2236 ‚
580 2161 755 2244 ignobilibus
770 2162 888 2234 herbis,

225 2243 407 2305 erhibebitur.
440 2242 591 2325 Siquidem
619 2241 749 2318 sudores
770 2244 889 2324 imperii

201 2266 328 2388 slomaui
354 2322 575 2405 conditoresque
597 2321 777 2383 immensum
799 2325 890 2404 quid·

201 2408 270 2468 darn
284 2409 317 2470 &
325 2405 390 2466 hinc
400 2402 562 2487 sumpsere,
575 2407 713 2486 quoniam
725 2424 785 2462 non
795 2406 888 2466 aliun·

199 2488 239 2549 de
258 2488 382 2571 sagmina
402 2487 431 2546 in
450 2486 586 2547 remediis
604 2484 726 2565 publicis
741 2483 836 2555 fuere,
850 2486 887 2546 δι

199 2570 232 2628 in
248 2569 330 2631 sacris
352 2567 596 2650 legationibusque
617 2564 764 2626 verbena.
788 2563 887 2626 Certe

199 2665 325 2729 utroque
334 2651 452 2709 nomine
464 2649 543 2708 idern
553 2644 745 2729 significatur,
755 2648 813 2706 boc
823 2645 887 2717 eti,

188 2747 317 2807 gramen
336 2748 374 2789 ex
392 2729 544 2790 arcetum
566 2727 615 2787 suri
636 2727 713 2787 terri
734 2725 882 2789 evulsum:

199 2825 232 2867 ac
250 2805 363 2890 semper
380 2830 396 2872 e
417 2811 517 2892 legatis
540 2811 607 2873 etun
624 2807 661 2870 ad
680 2804 778 2870 hostes
795 2806 886 2878 clari,
