1967 3600
192 278 628 352 Hrsroa.Lib.XX1V.
679 282 750 380 365,

119 397 193 463 0111.
205 401 249 464 18.
260 399 406 481 Eriphiam
416 399 499 459 multi
509 399 674 481 prodidere.
683 399 751 461 sesa

83 481 198 541 rabaeum
209 482 270 541 haec
282 482 312 539 in
322 480 415 541 avena
429 481 532 551 habet,
543 478 648 539 sursum
660 480 750 541 deora

83 559 138 621 sum
157 562 353 622 decurrentem
371 581 437 621 cum
457 558 529 621 sono
547 560 649 631 hoedi,
671 561 751 622 uude

83 642 112 702 &
134 662 238 703 nomen
262 643 381 721 accepit.
410 638 473 700 Hac
490 639 528 700 ad
548 660 655 702 vocem
680 639 751 700 nihii

82 721 250 802 prestantius
267 719 324 781 effe
343 720 467 781 tradunt.

88 831 95 838 ·
118 800 194 865 clv.
211 800 310 862 Herba
328 800 431 861 lanaria
450 801 554 861 ovibus
570 798 674 881 jejunis
698 798 751 859 tia-¹

82 896 124 954 ta,
141 883 215 944 lastis
226 880 426 942 abundantiam
435 879 512 941 facit.
524 882 615 963 AEque
627 898 698 942 nota
710 881 751 940 la
864 956 866 959 y
913 900 916 910 ¹

82 959 268 1044 boris-vulgo
289 959 347 1034 est,
364 962 450 1043 plena
466 960 559 1032 labiis,
572 963 651 1042 quod
662 960 750 1043 degu-

82 1039 176 1103 statum
187 1043 364 1104 vomitiones
379 1043 515 1102 concitat.
525 1040 665 1101 Eamdem
675 1041 749 1101 banc

81 1123 113 1182 ah·
132 1125 159 1183 ui
179 1120 236 1183 ess'e
257 1121 373 1194 dicunt,
394 1123 442 1181 alii
450 1121 576 1181 similem
595 1121 750 1200 illi,quam

81 1143 224 1265 mibtarem
239 1221 367 1273 vocant,
388 1204 525 1284 quoniam
542 1202 646 1260 vulnus
672 1200 751 1264 ferro

80 1280 196 1357 nuum,
216 1283 326 1342 nullum
351 1299 410 1342 non
437 1284 511 1341 intra
538 1281 599 1341 dies
623 1281 752 1363 quinque

81 1361 169 1436 sanat,
180 1384 218 1424 ex
231 1364 299 1423 oleo
314 1364 459 1444 imposita.
525 1391 526 1394 ¹

86 1475 92 1482 ·
117 1443 184 1505 CV.
196 1441 369 1505 Celebratut
379 1460 476 1503 autem
490 1441 524 1502 &
534 1463 551 1500 a
561 1438 671 1501 Graecis
685 1437 753 1501 stra·

81 1526 184 1595 tiores,
203 1522 253 1583 sed
272 1545 307 1584 ea
323 1525 352 1582 in
366 1523 499 1617 AEgypw
510 1524 620 1582 tantitm
632 1524 664 1584 δι
675 1522 755 1581 inun·
883 1531 888 1540 '

17 1639 19 1674 i
82 1604 195 1666 datione
205 1603 266 1664 Nili
277 1601 415 1675 nascitur,
432 1624 515 1662 aizoo
524 1604 639 1675 similis,
651 1604 681 1660 ni
691 1621 755 1660 ma·

17 1683 19 1744 i
82 1683 141 1766 jora
150 1685 269 1758 habetet
288 1682 366 1744 folia.
378 1681 540 1764 Refrigerat
550 1684 620 1742 mire
630 1727 639 1754 ,
651 1684 682 1743 &
693 1680 756 1740 vul·

17 1753 19 1845 ζ
81 1786 144 1827 nera
160 1763 236 1826 sanat
255 1783 291 1825 ex
310 1779 392 1824 aceto
412 1762 490 1824 illita.
519 1762 593 1823 Item
613 1765 693 1845 ignes
711 1760 755 1822 sa·

17 1870 18 1923 ss
81 1866 160 1920 tros,
177 1867 211 1906 ae
233 1843 460 1926 suppurationes.
486 1842 660 1927 Sanguinem
680 1863 754 1925 quo-

81 1949 134 2011 que
153 1929 204 2007 qui
226 1925 326 1985 defluit
344 1946 361 1984 a
380 1926 513 2001 renibus,
527 1943 596 2008 pota
613 1925 755 1986 cumthu·
783 1954 784 1957 ¹

81 2028 110 2069 re
129 2006 256 2068 masculo
276 2004 395 2066 mirifice
413 2005 492 2066 sistit.

117 2085 201 2149 CVI.
218 2107 264 2168 19.
278 2084 377 2145 Herba
391 2089 421 2144 in
437 2087 529 2165 capite
552 2083 648 2144 statuae
669 2101 755 2157 nata,

80 2166 256 2249 collebaque
274 2163 391 2243 alicujus
411 2167 440 2224 in
458 2163 546 2223 vestis
556 2183 669 2243 panno,
680 2165 756 2223 &il-

80 2250 163 2330 ligata
179 2251 209 2308 in
226 2248 287 2306 lino
309 2244 391 2317 rufo,
409 2246 508 2327 capitis
527 2243 660 2305 dolorem
675 2261 757 2302 ‘con-
862 2326 863 2329 Ἴ

80 2327 173 2389 iestim
189 2326 288 2389 sedare
307 2324 435 2385 traditur.
477 2362 480 2370 .

118 2407 178 2470 CV
180 2406 219 2469 ll.
237 2406 336 2467 Herba
367 2400 758 2484 uaecumquearivisautflu·

80 2488 205 2549 minibus
228 2503 295 2546 ante
314 2427 389 2546 ὃοἹίε
404 2499 502 2544 ortum
523 2482 659 2555 colleba,
670 2483 708 2539 ita
724 2495 757 2539 ut

79 2589 166 2631 nemo
182 2567 371 2648 colligentem
386 2563 501 2634 videat,
517 2563 599 2622 adall'
621 2577 667 2619 ata
679 2560 768 2619 lavo.

79 2649 218 2718 btachio,
237 2650 327 2706 itaut
346 2665 425 2727 aeger
445 2643 515 2725 quid
536 2645 572 2702 sit
586 2581 658 2701 iliud
676 2642 759 2722 igno÷

78 2747 141 2799 ret,
159 2729 296 2788 tertianas
314 2745 411 2785 arcere
428 2724 559 2789 traditur.

89 2838 93 2845 ¹
117 2805 233 2872 CVIII.
247 2807 357 2891 Lingua
375 2804 465 2867 herba
478 2799 758 2964 micituQrgircafon

75 2928 78 2934 .
563 2961 566 2967 1
612 2904 642 2967 „1
