1967 3600
238 283 309 360 302
361 255 816 330 C.P21N11N.rrun.

280 376 442 441 Reddenda
457 373 500 439 est
520 377 552 438 &
569 375 751 457 antiquorum
768 373 901 458 comporio'

238 461 293 521 rio.
309 458 432 520 Succum
450 454 610 536 expressum
635 458 717 536 pomi
736 459 835 516 maturi
854 459 901 524 im·

236 542 340 602 maturi
362 559 397 598 ue
404 540 537 608 mixtum,
548 536 714 618 coquebant
721 538 751 596 in
758 536 822 599 vase
831 556 899 596 aereo

235 621 277 681 -ad
287 561 379 681 mellis
387 617 613 679 crassitudinem.
624 614 727 698 Aliqui
737 617 852 698 myrrbd
859 615 901 676 ad·

236 694 490 782 {edidicupreffo
500 697 693 778 praeduratum
703 696 740 756 ad
750 695 845 757 Solem
852 713 902 757 tor·

236 780 357 852 rebant,
377 774 581 858 permiscentes
599 775 700 859 spathd
715 794 761 837 ter
775 775 901 838 dleHec

234 875 298 920 erat
324 858 499 930 stomatice,
516 858 574 938 qud
593 859 626 920 δι
645 857 767 919 vulnera
781 857 817 917 ad
835 858 901 917 cita·

235 941 338 1001 tricem
367 937 573 1020 perducebant
593 937 661 1001 Alia
688 940 782 999 ratio:
800 936 900 1003 succum

233 1020 345 1082 siccato
372 1018 570 1101 exprimebant
610 1039 681 1080 omo
698 1063 709 1092 ,
728 1018 845 1079 multllm
861 1014 900 1076 sa·

233 1101 302 1181 pori
321 1098 511 1161 obsoniorum
531 1040 710 1161 conserente.
730 1095 898 1163 Inmodiciul

236 1181 311 1241 verb
331 1197 431 1241 contra
453 1200 576 1252 nomas,
596 1181 629 1240 &
644 1175 768 1262 peslerio
783 1181 898 1261 pituitas,

235 1258 274 1323 ,δι
289 1261 463 1342 ubicumque
480 1280 554 1341 opus
575 1256 664 1333 esset,
680 1257 784 1319 adstrin
803 1255 899 1319 insce-

238 1359 281 1402 ra.
289 1337 402 1401 Dentes
416 1361 534 1422 quoque
545 1339 710 1405 colluebant
721 1359 770 1400 eo.
783 1280 897 1401 Ictum

260 1441 330 1481 enus
349 1420 423 1483 succi
439 1419 515 1481 soliis
525 1421 557 1482 δι
569 1420 664 1480 radice
674 1419 801 1480 decodlis
809 1418 842 1479 ad
850 1436 898 1485 am·

234 1439 321 1567 busta
333 1521 368 1561 ex
380 1503 448 1562 oleo
461 1500 606 1563 illinenda.
620 1498 808 1581 Imponuntur
817 1499 846 1560 ἃ
855 1515 897 1577 per

234 1579 268 1641 se
285 1580 364 1644 folia.
382 1580 475 1643 Radix
496 1602 550 1662 per
569 1578 669 1643 messes
694 1579 779 1640 incisa
799 1578 897 1640 succum

233 1660 287 1721 dat
307 1665 488 1743 aptissimum⁴
502 1661 630 1725 dentium
648 1656 897 1734 dolori‚colledio·

116 1762 119 1775 ·
236 1740 396 1883 ”ibuss-lue’
412 1743 444 1805 &
460 1739 717 1824 suppurationibus.
728 1739 833 1802 Alvum
840 1755 897 1819 pur·

235 1838 294 1903 gat.
333 1824 391 1884 olia
407 1843 483 1884 mori
501 1844 531 1883 m
551 1822 632 1885 uriuai
643 1818 896 1902 madesada,pilunr

234 1903 323 1962 coriis
343 1902 505 1964 detrahunt.

273 1978 395 2042 LXXII.
413 1980 520 2046 Carasa
531 1982 630 2046 alvum
641 1982 791 2056 molliunt,
808 1978 897 2041 stoma·

232 2059 292 2121 cho
307 2062 434 2123 inutilia:
451 2063 554 2123 eadem
573 2066 676 2126 siccata
690 2063 788 2124 alvum
797 2059 894 2130 sistunt,

235 2141 347 2204 urinam
364 2143 452 2206 cient.
471 2140 596 2205 Invenio
622 2144 700 2225 apud
726 2138 896 2210 audomari

235 2221 299 2303 quis
318 2225 459 2285 matutino
472 2222 583 2286 roscida
597 2245 664 2285 cum
676 2224 732 2302 suis
744 2223 845 2284 nucleis
852 2218 896 2277 de·

232 2318 340 2376 noret,
357 2304 388 2364 in
405 2319 517 2364 tantum
534 2305 623 2368 levari
641 2306 762 2380 alvum,
778 2322 808 2363 ut
819 2297 894 2384 ped&

231 2382 341 2446 :norbo
360 2384 526 2446 liberentur.

273 2463 407 2527 LXXIII.
425 2459 546 2547 Mespila
564 2467 690 2545 exceptis
705 2464 894 2542 reumaque

182 2555 187 2561 '
232 2544 502 2627 malopropIorem
520 2547 581 2606 vim
604 2547 726 2618 habent,
744 2547 845 2626 reliqua
853 2537 895 2597 ad·

237 2622 376 2707 stringunt
393 2625 599 2700 stomachum,
621 2625 777 2722 sistuntque
802 2623 895 2691 alvum·

236 2700 313 2764 Item
330 2703 412 2768 sorba
432 2708 525 2768 sicca:
540 2721 607 2770 narn
624 2725 755 2774 recentia
763 2698 894 2770 stomachi
955 2769 956 2774 ,

180 2787 183 2792 ’
229 2782 269 2844 t&
286 2785 357 2850 aluo
372 2788 436 2864 citae
452 2784 580 2871 prosunt.
