1967 3600
253 299 326 367 ²14·
374 276 410 347 C.'
438 257 866 346 PtrnrrNAwm

289 395 373 458 XIX.
388 399 433 475 ¹7·
450 394 594 456 Heluinen
610 391 696 474 aliqui
706 392 875 473 perdicium
885 405 942 452 vo·⁴

252 495 333 551 tant,
351 478 486 559 quoniam
500 475 633 556 perdices
650 474 685 533 ed
705 475 856 554 praecipue
877 470 941 532 ves-

251 575 363 619 cantur.
374 556 436 617 Alii
446 555 591 623 sideritim
602 555 732 614 nonnulli
740 554 942 634 parthenium.

251 639 333 702 Folia
349 637 435 698 habet
450 637 548 696 mixtae
567 634 758 695 similitudinis
797 633 939 716 lantagini

250 721 286 782 dc
298 717 441 778 marrubio
450 716 628 789 ,cauliculos
639 714 761 788 densos,
771 655 884 774 ldviter
897 735 940 773 ru·

250 800 373 871 bentes,
389 796 496 859 semina
515 798 544 857 in
562 797 702 876 capitibus
725 796 876 875 lappaceis
887 794 939 854 ad-

250 879 388 940 herentia
406 876 555 941 vestibus:
571 876 648 937 unde
671 876 703 937 ὃ(
722 876 874 935 helxinem
894 875 939 934 di·

249 957 325 1019 diam
343 959 458 1020 volunt.
482 956 543 1018 Sed
565 978 620 1018 nos
643 955 734 1038 qualis
756 976 834 1016 vera
867 953 938 1017 effer

249 1039 385 1110 helxine,
406 1040 530 1099 diximus
549 1039 646 1121 priore
667 1037 750 1096 libro.
780 1035 857 1095 Haec
886 1056 936 1095 au·

248 1135 310 1181 tem
331 1117 423 1180 inficit
442 1121 539 1191 lanas,
562 1117 638 1179 sanat
658 1119 739 1200 ignes
762 1114 883 1189 sacros,
902 1117 935 1177 ὅ(

248 1217 403 1271 tumores,
422 1198 664 1280 colleffionesque
682 1217 802 1272 omnes,
822 1197 858 1259 dt
879 1196 934 1257 ad·

249 1279 321 1343 usta.
344 1280 440 1343 Panos
459 1278 556 1342 succus
575 1300 641 1340 cum
664 1278 879 1361 psimmythio,
901 1279 933 1340 δι

248 1379 365 1452 guttura
384 1362 550 1444 incipientia
561 1358 735 1443 turgescere.
752 1357 828 1419 Item
843 1374 933 1419 vete·

248 1464 315 1505 rem
335 1445 436 1504 tussim
457 1441 566 1524 cyatho
585 1439 711 1514 hausto,
731 1441 764 1502 dc
784 1441 886 1499 omnia
903 1442 931 1499 in

250 1522 392 1596 humido,
407 1525 480 1582 sicut
498 1521 645 1597 tonsillas,
663 1522 696 1583 &
713 1519 845 1592 varices,
865 1539 931 1580 cunt

250 1604 379 1665 rosaceo.
399 1602 562 1685 Imponitur
576 1598 608 1664 dc
621 1602 757 1685 podagris
765 1621 833 1661 cum
842 1602 930 1684 capri·

249 1706 291 1747 no
308 1682 402 1754 sevo,
419 1685 544 1766 terdque
563 1681 688 1765 Cyprii.
772 1691 775 1695 ’

288 1763 357 1827 XX.
374 1764 538 1827 Perdicium
564 1766 626 1826 sive
643 1762 829 1825 Parthenium
844 1759 928 1845 (nam

247 1848 372 1907 sideritis
391 1847 446 1906 alia
463 1844 555 1927 est)a
572 1844 676 1907 nostris
697 1844 788 1905 herba
799 1845 929 1905 urceola·

247 1929 286 1985 ris
306 1942 450 1999 vocatur,
467 1926 505 1986 ab
518 1925 580 1986 aliis
602 1924 773 2001 astericum,
792 1923 871 1984 ¹folio
893 1925 928 1984 si·

247 2004 324 2068 milis
343 2009 460 2080 ocimo,
476 2008 586 2087 nigrior
609 2009 743 2081 tanturn,
760 2004 879 2066 nascens
898 2007 927 2065 in

246 2086 366 2227 apulis,
381 2086 593 2169 parietinisque.
614 2087 753 2151 Medetur
770 2105 839 2146 curn
853 2086 927 2146 mici

245 2166 275 2228 sa
286 2170 309 2228 is
321 2169 385 2228 trita
391 2167 491 2229 iisdem
504 2168 661 2244 omnihus,
675 2167 780 2250 quibus
793 2167 924 2239 lamium,

246 2249 281 2310 dt
299 2249 405 2309 eodem
421 2249 536 2323 modo:
556 2250 627 2309 item
652 2249 798 2320 vomicae,
810 2245 925 2308 curatio

247 2328 332 2395 succo
361 2345 443 2410 potu.
473 2327 532 2390 Sed
565 2347 667 2391 contra
689 2330 806 2412 ulcera,
823 2344 923 2409 rupta,

247 2407 412 2493 lapsusque,
431 2411 651 2491 &praecipitia‚
667 2427 716 2470 aut
724 2409 923 2470 vehiculorum

246 2492 432 2565 eversiones,
454 2490 613 2574 singularis.
634 2489 734 2565 Verna
750 2510 831 2550 carus
850 2487 924 2548 Peri·

244 2573 285 2633 cli
307 2571 530 2634 Atheniensium
546 2573 683 2654 principi,
700 2574 767 2632 clun
790 2571 816 2630 is
831 2570 860 2629 in
878 2589 925 2627 at·

244 2673 280 2712 ce
299 2652 440 2735 templum
461 2649 923 2788 aedificaret,repsiffetqnesupet

242 2732 423 2805 altitudinem
442 2730 562 2815 fastigii,
577 2732 688 2795 &inde
698 2729 842 2792 cecidiliet
847 2774 859 2802 ,
890 2749 921 2788 ac

136 2868 141 2877 ,
243 2810 335 2874 herba
352 2813 455 2877 dicitur
483 2812 616 2892 sanante,
640 2811 799 2877 monstrati
823 2809 921 2873 Perich'
