1967 3600
230 318 296 390 172
348 292 603 367 ΟΜΝΗ
625 293 828 367 ΝΑτύ-ῃ,

226 419 317 557 pium.
341 412 488 494 Quaedam
512 411 609 474 aestate
630 412 752 486 florent,
770 433 803 475 ut
819 421 931 478 tetra-¹

247 518 285 569 x,
304 498 337 559 &
350 497 484 557 helixine.
506 491 663 574 Scolymus
683 514 802 578 quoque
820 498 915 558 floret

227 576 292 638 sero
303 578 341 638 v81
360 577 417 637 diu.
428 574 546 635 Acorna
557 574 656 635 colore
665 577 773 635 tantum
785 575 854 637 rufo
867 577 917 637 di·
981 575 983 590 ²

227 658 282 720 siin
322 659 395 731 itur,
412 655 445 716 ἃ
463 654 613 736 pinguiore
633 653 726 715 succo.
746 654 832 716 Idem
850 665 932 719 erat'

227 677 371 816 atraffylis
401 754 539 817 quoque,
559 737 612 795 nisi
640 734 788 795 candidior
818 735 924 808 effer,

164 885 166 890 s
227 820 261 881 dt
274 818 329 878 nisi
340 815 526 898 sanguineum
534 814 650 875 succum
667 815 811 876 funderet
837 815 915 897 Qui

229 899 267 958 de
295 897 381 957 causi
403 896 518 978 phonos
538 915 660 957 vocamr
681 917 700 956 a
718 894 914 978 quibusdam,

110 983 115 992 '
227 977 320 1041 odore
339 979 427 1038 etiarn
445 978 555 1058 gravis,
574 975 637 1037 sero
649 974 858 1038 maturescente
870 977 916 1039 se·

227 1061 329 1130 mine,
348 1077 405 1118 nec
429 1075 495 1118 anre
525 1070 712 1117 autumnum:
732 1078 918 1140 quamquam<

227 1139 260 1202 id
278 1139 315 1200 de
333 1139 469 1199 omnihus
498 1134 621 1219 spinosis
644 1138 701 1198 dici
724 1137 832 1220 potest.
853 1139 915 1201 Ve-

228 1222 298 1282 rirm
317 1222 414 1281 omnia
434 1218 495 1278 haec
513 1219 547 1279 &
564 1216 671 1281 semine
682 1221 715 1280 &
726 1218 823 1279 radice
832 1219 913 1281 nasci

228 1297 352 1384 possunt.
370 1298 526 1381 Scolymus
544 1299 713 1361 carduorum
735 1303 859 1381 generis·
875 1302 913 1361 ab

229 1385 267 1442 iis
282 1380 382 1453 distat,
394 1380 473 1462 quod
482 1379 564 1438 radix
573 1378 635 1459 ejus
643 1379 790 1440 vescendo
805 1378 848 1441 est
859 1384 913 1443 de-

229 1461 322 1525 cotta.
340 1461 469 1534 Mirum,
485 1459 565 1540 quod
581 1464 645 1521 sine
670 1460 914 1524 intervallostoti

229 1541 326 1604 astate
343 1541 420 1602 aliud
434 1541 519 1602 floret
528 1543 606 1602 ineo
618 1560 740 1623 genere,
750 1541 829 1601 aliud
840 1565 924 1616 con·-

230 1620 912 1784 tauers‘'guti‘tsrssruztsffaur

232 1782 296 1857 est,
312 1805 406 1866 neque
422 1784 451 1843 in
469 1782 604 1844 omnibus
624 1786 708 1846 terrie
738 1804 746 1843 t
767 1782 847 1845 esta
869 1808 912 1847 ra·

231 1867 298 1926 dice
316 1863 436 1936 foliosa,
456 1884 493 1924 ex
511 1864 586 1946 aqui
606 1864 705 1925 medii
730 1865 823 1926 veluti
848 1887 913 1927 nra·

231 1947 293 2005 lum
311 1945 477 2013 extuberat,
498 1944 660 2006 comeum
668 1945 716 2006 sui
726 1945 840 2006 fronde.
850 1947 915 2010 Hu-

229 2025 276 2107 jus
293 2041 396 2085 vertex
417 2023 543 2089 summus
562 2026 710 2088 lacrimam
729 2026 913 2108 continetju·

230 2105 318 2247 cufidi
342 2103 467 2187 saporis,
486 2106 654 2169 acanthicen
682 2105 839 2169 mastichen
857 2131 916 2191 ap·

251 2200 266 2247 ἐ
290 2204 376 2249 atam·

227 2208 249 2268 P
273 2266 365 2330 LVII.
387 2266 425 2329 Et
445 2265 540 2328 radios
556 2284 673 2352 quoque
691 2269 721 2330 in
737 2266 833 2330 Sicilia
850 2288 915 2333 tan„-

231 2351 294 2427 tum
310 2346 451 2419 nascitur,
470 2346 525 2408 suae
539 2352 722 2431 proprietatis
737 2351 769 2412 δι
780 2350 860 2432 ipse:
879 2354 910 2411 in

230 2430 307 2492 terri
323 2428 438 2511 serpunt
458 2429 574 2501 caules,
591 2451 608 2490 a
629 2432 725 2492 radice
742 2433 911 2504 emissi,la·

230 2510 350 2572 rosolio
372 2510 405 2571 ἃ
420 2508 542 2591 spinoso.
557 2509 662 2572 Caules
672 2530 780 2571 vocant
794 2511 910 2573 casios:

230 2612 286 2655 nec
313 2589 458 2651 fastidiunt
476 2593 507 2650 in
524 2591 616 2663 cibis,
638 2595 817 2654 inveteratos
838 2614 912 2674 quo·

229 2691 298 2751 que.
319 2671 420 2732 Unum
437 2672 549 2732 caulem
564 2671 673 2733 redium
685 2670 910 2754 habent,quem

229 2767 339 2811 vocant
360 2754 510 2833 premite,
530 2749 657 2830 ejusdem
676 2751 843 2828 suavitatis,
860 2753 909 2813 se'd

227 2827 379 2899 uetustatis
399 2833 608 2914 impatientem.
635 2832 741 2897 Semen
758 2834 929 2918 eilauugi·
