1967 3600
15 6 26 26 Γ

15 93 17 106 t

177 291 378 367 Htsroa.
403 296 475 368 Lib.
496 275 613 369 XXV}
663 301 736 395 377'

60 407 735 499 baliouominattebdemqueThyionem,quem

15 551 16 556 ,
60 493 147 553 draco
160 492 322 565 occiderat,
342 494 499 555 restitutum
517 495 606 558 saluti.
630 497 666 559 Et
680 498 734 560 Ju-

15 615 16 636 ;
60 572 95 633 ba
110 574 141 632 in
160 573 267 633 Arabib
289 573 379 635 berbi
398 592 568 635 revocatum
585 576 622 637 ad
643 580 733 639 vitatu

59 652 203 713 bominem
218 653 314 714 tradit.
335 653 419 714 Dixit
439 653 646 732 Democritus,
666 678 735 718 cre·

59 732 128 794 didit
141 731 379 813 Theophrastus,
405 734 461 795 esse
486 737 629 810 herbam,
649 736 732 816 cujus

60 813 185 873 coutabiu
204 815 290 874 iliatae
310 815 347 874 ab
370 814 452 890 alite,
463 836 549 897 quam
564 818 733 892 retulimus,

60 894 181 954 exsiliret
195 913 304 953 cuneus
322 915 339 953 a
356 893 515 977 pastoribus
540 898 635 958 arbori
662 898 732 958 ada-

61 971 113 1032 uus
123 996 131 1033 z
142 994 206 1055 quae
221 975 307 1034 etiam
326 975 350 1034 si
366 973 425 1036 fide
445 992 559 1049 carent,
571 978 732 1039 admiratio·

60 1072 122 1113 uem
139 1071 236 1114 tamen
257 1056 296 1113 im
318 1055 395 1116 lent:
413 1073 578 1138 coguntque
608 1056 732 1119 coufite-

59 1135 100 1205 ri,
112 1135 237 1194 multum
258 1153 274 1194 e
298 1153 314 1194 e
333 1134 413 1215 quod
431 1157 505 1197 vero
518 1133 648 1215 supersit.
658 1135 733 1199 Inde

60 1213 90 1274 δι
113 1212 266 1297 plerosque
285 1216 324 1274 ita
341 1214 431 1275 video
456 1214 634 1289 existimare,
662 1218 734 1279 nihii
829 1223 835 1231 ’

59 1313 112 1354 ttou
139 1295 293 1355 herbarum
316 1298 348 1355 vi
367 1292 443 1355 effici
461 1294 559 1375 poste,
576 1293 624 1356 sed
644 1296 734 1378 pluri-

61 1393 163 1435 marum
185 1378 264 1435 vites
279 1372 336 1434 effe
357 1376 539 1458 incognitas:
557 1395 682 1456 quorum
703 1380 736 1437 itt

59 1474 174 1516 uumero
196 1454 249 1515 fuit
266 1455 442 1536 Herophilus
458 1456 551 1515 clarus
568 1456 735 1529 medium,

58 1554 142 1617 aquo
167 1534 266 1597 ferunt
295 1533 422 1608 difinm,
441 1535 577 1616 quasdam
603 1534 735 1598 fortassis

60 1618 138 1675 ctiam
158 1617 282 1676 calcatas
301 1615 442 1696 prodesse.
464 1613 661 1676 Observatum
674 1637 738 1677 cer·

60 1695 86 1755 τὲ
104 1694 145 1756 est
157 1696 331 1756 inflammari
351 1696 471 1756 vulnera
489 1717 521 1755 ac
544 1697 665 1757 morbos
683 1695 732 1756 su·

61 1795 196 1857 perventu
212 1795 332 1849 eorum,
350 1778 400 1859 qui
416 1776 539 1860 pedibus
558 1778 613 1838 iter
631 1776 733 1840 conse·

59 1877 152 1922 crunt.

95 1936 145 2002 Vi.
157 1940 231 2001 Haec
248 1955 309 1999 etat
320 1941 435 2024 antiqua
445 1940 607 2014 medicina,
618 1961 681 2025 quae
690 1957 733 2003 to·

60 2034 86 2078 ta
99 2022 238 2103 migrabat
256 2022 287 2079 in
307 2018 428 2081 Gtaeciae
445 2023 564 2159 iinffuas.
578 2021 634 2082 Sed
643 2043 732 2103 quare

59 2119 112 2160 nou
148 2102 226 2161 lures
243 2098 417 2173 noscantur,
429 2121 481 2160 cau
494 2124 511 2159 a
526 2101 586 2173 est,
598 2102 733 2181 qubdeas

61 2123 176 2260 agretbes
195 2182 400 2260 literarumque
416 2181 507 2258 ignari
531 2182 733 2260 experiuntur,

60 2276 88 2318 ut
101 2265 147 2342 qui
163 2261 218 2322 soli
238 2263 312 2320 iuter
324 2261 388 2320 illas
404 2260 506 2322 vivant
517 2280 526 2318 a
539 2276 677 2339 praterea
688 2255 735 2317 se·

60 2344 154 2402 cutiras
174 2339 343 2422 quaerendi3
365 2339 453 2400 obvii
472 2339 654 2401 medicorum
676 2354 737 2395 tur·

60 2418 101 2480 bt.
120 2422 225 2482 Multis
244 2422 331 2481 etiam
347 2421 472 2480 inventis
489 2421 608 2479 nomina
618 2415 735 2488 defurit,

37 2537 40 2543 ⁴
60 2500 126 2561 sicut
139 2503 201 2572 ilii,
222 2521 308 2582 quatu
322 2499 472 2560 retulimus
490 2501 522 2557 itt
545 2496 660 2577 frugum
686 2516 736 2555 cu·

59 2578 105 2653 rb,
120 2580 283 2663 scimusque
300 2577 437 2641 defossam
456 2580 486 2635 in
505 2577 614 2658 augulis
629 2575 733 2657 segetis

59 2661 208 2738 praestare,
225 2680 264 2722 ne
287 2681 344 2742 qua
362 2659 422 2719 aies
438 2659 535 2717 intret.
556 2655 735 2738 Turpissima

60 2740 136 2801 causa
154 2743 294 2811 raritatis,
311 2740 391 2823 qubd
407 2739 492 2799 etiam
506 2736 554 2818 qui
567 2734 672 2810 sciunt,
684 2735 748 2797 de·'

59 2820 217 2885 monstrare
230 2821 337 2887 'nubunt
346 2864 358 2894 ,
377 2836 524 2901 tamquam
540 2818 610 2901 ipsis
628 2818 744 2903 petitu
