1967 3600
212 262 529 335 Hastoa.l.ib.
548 263 635 335 XX.
707 264 754 358 67

73 383 139 443 eirca
159 400 214 443 eos
234 381 317 442 dicia
332 379 415 458 sunt,
428 380 608 443 stomachum
621 400 755 467 purgant,

71 456 196 602 pituitam
219 479 398 535 extenuant,
409 465 520 523 urinam
531 465 695 538 concitant,
708 464 757 524 bi·

81 564 122 605 ern
137 543 311 605 detrahunt.
329 542 473 605 Praeterea
491 546 615 604 cortices
635 547 666 603 iit
683 546 754 605 vino

70 623 197 699 decodli,
219 646 313 685 mane
341 627 413 704 poti
430 625 466 684 ad
492 643 591 685 ternos
613 625 758 705 cyathos,

16 702 17 713 ¹
70 709 270 765 comminuunt
291 707 323 766 &
341 703 457 785 ejiciunt
468 706 602 766 calculos.
619 705 755 766 lidemin

70 783 147 862 posca
167 785 292 846 decocli
308 804 410 846 contra
420 784 591 866 serpentium
601 785 711 847 morsus
722 787 757 846 il-

70 863 197 927 linuntur.
228 866 287 927 Ad
309 869 412 926 tussim
439 868 526 926 etiam
546 887 630 928 mane
647 863 754 947 jejunis

71 945 205 1026 raphanus
226 944 354 1029 prodest
368 967 434 1007 cum
449 947 536 1007 melle
551 970 558 1009 :
576 945 682 1009 Semen
704 967 756 1009 eo·

15 1038 16 1041 ’
69 1045 128 1086 rum
142 1026 277 1101 tostum,
296 1028 446 1109 ipsumque
466 1029 753 1101 commanducatum,

15 1140 16 1153 κ
70 1106 103 1165 ad
124 1108 362 1191 lagonoponon:
375 1107 492 1189 Aquam
503 1106 580 1170 soliis
593 1106 654 1189 ejus
667 1108 754 1169 deco·

71 1182 117 1246 slis
134 1188 261 1262 hibere,
278 1188 331 1249 vel
346 1186 460 1250 succum
478 1191 487 1247 i
511 1190 568 1249 sius
587 1190 700 1271 cyathis
713 1189 755 1249 bi·

72 1267 113 1326 tris
126 1288 227 1330 contra
235 1268 427 1352 phthiriases:
446 1211 617 1351 phlegmoni
636 1268 711 1349 ipsos
721 1269 755 1329 il-

76 1345 158 1410 linere
176 1349 260 1412 msos
273 1395 285 1425 ,
298 1352 384 1412 livori
401 1352 475 1411 verb
494 1351 604 1410 recenti
618 1351 756 1427 corticem

15 1494 16 1499 η
74 1446 135 1487 cunr
151 1431 262 1493 melle:
281 1433 443 1495 veternosis
454 1448 554 1493 autent
596 1428 663 1489 uam
680 1448 759 1488 acet·

16 1524 17 1529 ’
76 1510 156 1570 timos
172 1512 339 1574 mandere:
357 1510 455 1572 semen
476 1531 513 1572 ue
541 1452 670 1582 tollam,
688 1509 757 1570 dein

75 1592 227 1653 contritum
246 1613 317 1653 cum
338 1591 445 1664 melle,
457 1534 633 1671 laspiniosis.
649 1588 756 1651 ¹lidem

77 1667 214 1734 &contra
234 1694 354 1734 venena
366 1670 493 1753 prosunt.
509 1669 758 1733 Cerastisuscor-

77 1749 203 1842 pionibus
217 1751 412 1816 adversatur:
430 1753 480 1813 vel
498 1750 574 1835 ipso,
587 1752 636 1814 vel
646 1750 754 1814 semine

77 1829 181 1894 inseffls
200 1836 340 1897 manibus
354 1835 472 1915 impune
490 1833 640 1896 traclabis:
661 1837 701 1893 im
723 1855 760 1894 o·

80 1912 184 1995 titoque
195 1918 330 1998 raphano
339 1914 504 1996 scorpiones
513 1917 684 1976 moriuntur.
701 1855 756 1975 la·

82 1988 178 2056 lotares
188 1999 337 2059 &contra
349 1994 504 2078 fungorum
525 2012 572 2056 aut
582 1993 755 2078 hyoscyami

80 2080 300 2159 venenataque,
311 2094 343 2137 ut
359 2076 505 2137 Nicander
517 2077 621 2137 tradit:
634 2076 671 2138 Et
686 2096 758 2136 con·

81 2165 118 2213 tra
127 2156 240 2222 viscum
251 2177 370 2240 quoque
381 2157 440 2216 dari
451 2156 627 2238 Apollodori
638 2158 697 2217 duo
707 2157 756 2233 ju³

82 2230 158 2298 hent:
168 2235 220 2300 sed
230 2236 342 2299 Citieus
352 2235 450 2298 semen
459 2258 495 2297 ert
507 2235 758 2319 aqudtritum'sl'a·

84 2318 198 2403 gentinus
220 2317 346 2380 succum.
362 2317 483 2379 Lienem
497 2320 568 2379 item
583 2333 757 2379 extenuant:

84 2399 194 2531 pprineri
221 2399 359 2476 prosunt,
371 2401 403 2460 &
416 2400 581 2462 lumborum
594 2397 758 2459 doloribus.

111 2477 258 2562 ydropicis
285 2501 404 2562 quoque
431 2500 468 2540 ex
495 2496 579 2538 aceto
598 2494 647 2535 aut
667 2473 758 2553 sinapi

88 2550 197 2638 sumpti,
217 2562 251 2623 δι
271 2560 443 2643 lethargicis.
461 2557 635 2638 Praxagoras
648 2555 680 2613 δι
692 2552 760 2613 ilio-

89 2633 122 2692 sis
141 2638 248 2703 dandos
268 2640 386 2701 censet:
404 2636 569 2699 Plistonicrrs
580 2637 611 2698 δι
622 2633 756 2696 coeliacis.

89 2708 281 2783 intestinorum
302 2721 405 2781 ulceta'
422 2718 539 2781 sanant:
557 2739 590 2779 ac
609 2714 759 2796 purulenta

86 2802 322 2879 praecordiorum,
332 2802 357 2863 si
367 2820 433 2866 cunt
444 2799 531 2863 tuelle
541 2798 670 2862 edantur.
681 2793 760 2879 Qui-¹
