1967 3600
14 281 17 332 l

194 280 408 355 Hrsron.
435 285 509 359 Lib.
533 288 652 362 XXV.
701 294 773 393 ‘389

91 410 153 461 tem
166 402 346 477 vomitione,
362 402 512 501 causasque
530 410 699 472 morborum
720 429 773 475 cu·

83 480 196 554 trahit:
216 482 365 564 quondam
374 485 519 562 terribrle,
530 487 631 569 poslea
639 508 698 552 tam
706 514 772 574 pro·

90 559 250 638 misenum,
263 579 296 623 ut
312 563 441 647 plerique
454 564 613 630 studiorum
628 575 718 653 gratid
734 575 771 635 ad

89 641 272 720 pervidenda
284 646 391 715 acrius,
409 667 473 728 quae
483 652 772 730 commentabantur,

85 719 191 803 ‚sepius
210 720 449 803 sumptitaverint.
461 726 643 792 Carneadem
652 732 772 815 respon·

87 798 185 862 surum
208 801 336 864 Zenonis
365 803 443 866 libris
461 830 469 884 t
489 807 619 872 Drusum
648 835 769 896 quoque

87 882 164 960 apud
185 902 261 957 nos,
279 884 460 947 tribunorum
481 890 662 971 popularium
675 894 769 956 claris·

89 963 193 1022 simum
205 1006 215 1035 ,
232 960 300 1043 (cui
316 980 381 1025 ante
393 986 495 1027 omnes
507 970 589 1049 plebs
601 971 676 1034 stans
688 975 768 1055 plau·

87 1043 139 1112 sit,
152 1044 310 1121 optimates
326 1047 399 1106 veto
416 1046 527 1107 bellum
542 1049 699 1114 Marsicum
709 1057 766 1115 im·

86 1138 244 1258 putavere:
257 1121 272 1204 )
284 1122 392 1185 constat
415 1127 473 1187 hoc
500 1129 710 1194 medicamento
730 1135 767 1196 li-

40 1220 41 1223 ’
80 1247 84 1253 .
107 1221 220 1266 eratum
236 1201 373 1280 comitiali
388 1208 493 1267 morbo
510 1210 539 1266 in
556 1210 699 1292 Anticyra
716 1215 765 1274 in-

87 1278 152 1344 sua.
171 1281 220 1343 Ibi
237 1285 321 1343 enim·
332 1287 472 1346 tutissime
483 1285 616 1364 sumitur,
628 1293 765 1373 quoniam

84 1358 139 1439 (ut
158 1362 307 1446 diximus)
326 1363 498 1428 sesamoides
523 1369 689 1433 admiscent.
710 1372 766 1435 Ita·

79 1440 120 1512 ,lia
138 1459 290 1504 veratrum
307 1464 404 1507 vocat.
418 1446 518 1508 Farina
536 1470 637 1511 eorum
649 1473 701 1533 per
713 1452 761 1529 se,

77 1522 117 1600 ’ἃ
137 1523 229 1600 minti
244 1523 385 1600 radiculd,
416 1527 540 1590 uilanas
550 1531 673 1593 diximus
686 1533 765 1596 lava-

76 1604 125 1675 ri,
141 1600 372 1667 stemumentum
395 1549 652 1693 lacit,'amboque
683 1611 763 1673 som-

83 1701 159 1762 num.
183 1682 331 1766 Leguntur
350 1702 446 1748 autem
466 1693 638 1753 tenuissima
650 1693 762 1755 radices

78 1760 264 1847 brevesque,
278 1785 312 1826 ac
329 1765 409 1830 velut
428 1768 582 1832 decurtatae
599 1774 686 1835 etiam
705 1774 761 1837 he.

9 1900 10 1911 ,
83 1841 160 1905 Nam
176 1843 313 1920 summa,
325 1869 390 1930 quae
407 1848 449 1910 est
466 1854 659 1928 crassissima,
680 1856 762 1938 cepis

9 1934 11 1997 l
76 1925 200 1998 similis,
217 1927 335 1988 canibus
351 1931 460 1992 tautum
482 1932 566 1997 datur
584 1956 636 2016 pur
656 1938 761 1998 ationis

76 2007 175 2073 causi.
199 2004 320 2088 Antiqui
338 2009 464 2072 radicem
483 2017 590 2076 cortice
601 1956 688 2098 qula·
699 2026 761 2079 car‘·

9 2134 10 2165 p
80 2086 236 2147 nosissimo
254 2086 305 2148 seli
326 2088 434 2162 ebant,
453 2096 513 2172 qul>
524 2097 639 2155 tenuior
650 2100 760 2159 exime·

76 2183 154 2227 retur
163 2167 303 2228 medulla.
345 2169 528 2232 anchumidis
539 2172 665 2254 spongiis
675 2198 760 2255 oper-

74 2260 155 2320 tam,
167 2245 380 2329 turgescentem
402 2253 538 2311 ueacuin
548 2252 761 2334 longitudinem

72 2321 239 2405 findebant.
254 2326 371 2390 Deinde
382 2269 432 2390 lla
442 2331 472 2391 in
481 2331 583 2395 umbri
595 2334 758 2407 siccabant,

77 2405 112 2466 iis
125 2424 260 2470 utentes:
272 2429 349 2469 nunc
364 2411 489 2471 ramulos
513 2412 590 2492 ipsos
609 2413 647 2473 ab
662 2415 758 2474 radice

77 2485 166 2566 quim
190 2489 352 2570 gravissimi
369 2490 485 2550 corticis
507 2493 546 2551 ita
566 2492 643 2553 dant.
668 2491 759 2574 Opti-

77 2586 176 2639 mum,
186 2569 267 2651 quod
276 2590 341 2630 acre
349 2566 430 2652 gustu
440 2569 629 2652 fervensque,
642 2570 672 2632 in
682 2571 762 2662 sran-

69 2647 176 2726 ,gendo
199 2649 351 2729 pulverem
373 2649 758 2733 emittitDuratevimeJus

67 2740 159 2801 ῖΧΧκ.
170 2730 253 2790 annis
273 2727 378 2794 ferunt.
722 2756 729 2762 ·

67 2850 84 2900 ÷³
115 2806 215 2872 XXII.
229 2808 362 2894 Nigrum
373 2811 506 2891 medetur
517 2811 755 2908 paralyticis,in·

569 2892 598 2955 R
609 2895 639 2976 irJ
