1967 3600
208 260 254 358 36
306 259 789 332 currnrrntrrvn.

208 382 349 467 grumulis
360 366 470 464 imponi
480 424 499 452 ,·
511 379 675 441 distantibus
694 382 768 440 inter
788 377 818 440 se
842 376 913 463 pei

209 466 264 526 des
283 482 391 525 ternos.
410 462 486 522 Inter
498 482 584 543 grana
593 461 674 542 digiti
686 458 816 521 interelle
841 464 906 522 de·

204 545 299 607 nent:
313 544 396 604 simul
406 558 491 621 atque
501 543 557 601 'tria
568 540 641 602 folia
649 557 820 620 eruperunt,
833 539 907 601 sar·

209 627 270 686 riri.
288 621 503 693 Grandescunt‚
519 623 578 702 qul>
604 620 704 701 saepius
726 619 904 685 sarriuntur.

212 701 465 765 Maturescentium
482 703 577 762 caules
593 701 721 782 depressi
734 703 764 760 in
780 718 904 763 terram

211 786 389 846 obruuntur:
406 784 444 842 ita
464 799 582 845 cavetur
598 801 636 842 ne
652 783 682 841 in
700 779 837 842 frondem
848 782 904 842 lu·

210 865 334 941 aurient.
348 861 383 923 ln
400 860 509 944 frigidis
529 863 624 922 utilius
631 881 702 924 vere
721 859 901 944 seri,quina

209 960 359 1004 autumno.
378 939 487 1003 Ceteri>
498 958 530 1002 ut
537 943 629 1003 odore
639 958 774 1015 careant,
791 946 902 1003 omnia

211 1025 273 1085 haec
283 1021 497 1103 jubenturseri‚
516 1025 582 1083 clim
592 1023 673 1082 Luna
682 1020 732 1080 sub
741 1023 816 1080 terrai
832 1027 899 1084 sit:

211 1104 328 1185 colligi,
344 1106 410 1164 clim
427 1105 455 1162 in
477 1105 564 1165 coitu.
585 1101 651 1162 Sine
669 1102 712 1162 his
725 1101 901 1164 Menander·

212 1204 239 1244 e.
252 1181 362 1245 Graecis
385 1182 480 1244 audior
507 1181 568 1256 est,
594 1183 692 1243 allium
718 1182 898 1258 edentibus,

212 1258 240 1333 si
257 1265 383 1325 radicem
401 1263 476 1324 betae
497 1264 526 1322 in
546 1265 636 1344 pruni
662 1261 766 1322 tostam
790 1262 898 1345 super-

212 1344 340 1425 ederint‚
358 1344 481 1406 odorem
501 1346 636 1426 extingui.
650 1340 721 1402 Sunt
738 1345 787 1424 qui
799 1345 832 1404 &
845 1346 899 1404 al-

212 1425 285 1503 lium
301 1426 427 1506 ulpicum
443 1427 518 1483 inter
532 1421 707 1505 Compitalia
731 1445 764 1482 ac
789 1421 896 1486 Satut»

169 1567 171 1573 ,
201 1507 288 1566 -nalia
303 1501 355 1564 seri
374 1505 520 1585 aptissimi.²
534 1520 645 1584 putent.
671 1501 781 1566 Allium
799 1506 832 1566 δι
851 1504 899 1566 se-

177 1608 180 1615 ·
211 1588 291 1647 mine
305 1585 457 1663 provenit,
473 1581 523 1643 sed
538 1584 630 1644 tarde.
644 1583 738 1644 Primo
752 1586 829 1644 enim
840 1607 895 1646 an·

204 1686 252 1726 -no
274 1667 353 1745 porri
375 1664 592 1724 crassitudinem
608 1666 700 1744 capite
718 1663 805 1725 efficit
818 1687 826 1725 t
841 1665 893 1727 se·

162 1743 166 1749 ’
209 1746 312 1826 quenti
332 1744 482 1817 dividitur,
495 1742 895 1829 tertiocqnsummatunpul·

210 1824 341 1907 criusque
357 1826 414 1886 tale
430 1825 588 1885 existimant
605 1826 730 1906 quidam.
746 1824 779 1886 ln
789 1825 892 1889 semen

211 1908 291 1966 exire
308 1927 368 1964 non
387 1906 495 1980 debet,
511 1904 562 1968 sed
576 1908 736 1987 intorqueri
745 1907 830 1967 caulis
842 1908 892 1968 sa.-

210 1985 257 2064 trls
277 1984 379 2066 graui,
398 1990 438 2045 uti
459 2000 544 2067 caput
571 1986 693 2047 validius
712 1984 770 2046 fiat.
792 1985 891 2066 Quod

203 2068 237 2127 isi
257 2065 362 2126 diutius
385 2064 480 2127 allium
495 2086 653 2149 cepamque
667 2069 828 2129 inveterare
851 2068 892 2128 li·-

211 2146 297 2220 beat,
314 2144 388 2227 aqui
404 2144 474 2222 salsi
490 2147 590 2228 tepidi
609 2148 742 2229 ungenda
758 2147 829 2208 sunt.
843 2148 890 2212 Im

210 2225 391 2288 diuturniora
407 2225 498 2300 fient,
512 2227 687 2309 melioraque
699 2227 778 2298 usui,
796 2227 890 2292 sedin

210 2304 270 2382 satu
296 2304 407 2368 sterilia.
417 2306 477 2368 Alii
486 2310 615 2368 contenti
623 2306 686 2368 sunt
700 2310 793 2388 primi)
803 2308 889 2390 super

212 2407 317 2468 prunas
335 2385 522 2467 suspendisse,
541 2386 710 2470 abundeque
729 2390 771 2450 ita
783 2388 890 2469 profici

105 2527 108 2532 ,
208 2469 379 2530 arbitrantur
395 2489 435 2550 ne
453 2469 633 2551 germinent:
655 2469 734 2549 quod
745 2468 888 2532 facereal·

208 2547 280 2608 lium
298 2569 456 2631 cepamque
475 2566 553 2611 extra
571 2565 677 2610 terram
688 2570 805 2631 quoque
821 2572 889 2611 cer-

103 2626 112 2634 '
207 2640 272 2685 tum
282 2626 338 2699 est,
353 2629 385 2689 ὅ(
396 2630 537 2698 cauliculo
547 2628 610 2691 ado
621 2629 804 2691 evanescere.
819 2630 889 2693 Ali·

207 2706 408 2852 prittanium
425 2709 509 2787 palea
526 2710 636 2788 optime
652 2708 757 2769 servari
775 2727 887 2790 putant.

241 2781 320 2848 llium
342 2785 383 2850 est
403 2786 484 2852 &iu
513 2790 588 2853 arvis
615 2786 717 2879 sponte
747 2789 887 2880 nascens,

239 2863 244 2872 r
