1967 3600
228 265 438 337 Hrsroa.
465 265 539 336 Lib.
563 264 663 339 XIX.
740 291 786 367 57

14 442 16 449 .
94 384 271 466 mtiaqui
281 383 456 466 adspersum.
468 382 578 445 Omnia
588 404 681 447 autem
697 388 786 446 trans·

14 464 16 493 ³
119 467 169 526 lata
184 467 300 527 meliora
319 466 528 548 grandioraque
547 465 645 536 fiunt,
662 470 785 529 maxime

119 550 208 625 porri,
227 549 361 626 napique.
381 544 416 607 In
433 545 617 606 tianssatione
638 550 672 609 &
693 549 787 608 rnedi-

25 672 28 693 „
119 627 176 685 eiua
194 625 249 701 cst,
265 627 457 708 desinuntque
474 626 577 688 sentire
592 624 732 707 injurias,
753 645 787 688 ut

30 710 31 713 ’
122 706 266 787 gethyum,
276 708 414 788 porrum,
424 727 453 767 ra
474 707 556 782 harri,
569 709 683 789 apium,
699 706 788 768 laetu·

123 806 270 867 cae,rapae‚
291 789 427 848 cucumis.
479 790 555 847 mnia
577 805 673 849 autem
693 788 785 849 silve·

32 928 39 941 ,
122 862 179 925 stria
195 866 254 928 fere
273 865 337 929 sunt
355 866 387 929 δὲ
405 866 481 929 foliis
503 870 629 943 minora,
644 869 677 931 &
693 869 783 929 cauli·

34 994 35 1005 .
121 945 185 1021 bus,
197 946 277 1008 succo
301 946 412 1009 acriora
431 949 530 1008 :sicut
553 950 664 1021 cunila,
685 952 783 1088 oriqa·

122 1045 200 1100 num,
225 1045 294 1089 ruta.
316 1026 418 1088 Solum
437 1031 511 1088 verb
530 1048 567 1088 ex
586 1029 719 1090 omnibus
753 1051 784 1088 a·

32 1136 33 1139 ¹
119 1105 229 1185 p'athum
246 1106 375 1169 silvestre
393 1108 496 1168 melius
507 1130 515 1168 z
527 1107 583 1169 hoc
595 1111 625 1167 in
634 1108 728 1171 sativis
737 1130 784 1168 ru·

121 1187 785 1270 mcxvocatur,rrasciturquefortissimum:tra·

120 1264 190 1326 ditur
209 1272 283 1330 certe
305 1268 394 1330 semel
411 1267 503 1328 saturn
523 1269 643 1342 durare,
659 1272 785 1330 necvin·

76 1352 79 1359 '
120 1347 147 1404 ci
163 1368 290 1439 umquam
305 1371 323 1409 a
338 1348 430 1422 terrai,
444 1349 569 1408 maxime
580 1346 659 1427 juxta
673 1369 785 1428 aquam.

121 1424 190 1501 Usus
206 1449 263 1509 ejus
281 1451 347 1491 cum
365 1428 475 1511 ptisani
495 1431 606 1488 tanturn
618 1429 648 1488 in
660 1429 731 1489 cibis
742 1429 784 1488 le·

120 1508 225 1568 viorem
253 1513 445 1592 ratioremque
457 1507 588 1590 saporem
601 1508 723 1589 praestat.
735 1506 788 1568 Sil»
843 1522 847 1529 “

121 1530 788 1652 vestreaimultamedicaminautileest.Adeo

120 1662 175 1748 ciue
191 1671 256 1730 nihil
271 1674 372 1731 omisit
383 1690 468 1742 cura,
487 1686 519 1729 ut
535 1672 658 1731 carmine
667 1690 785 1753 quoque

120 1751 345 1833 comprehensum
364 1753 523 1832 reperiam,
536 1755 565 1811 in
582 1749 654 1813 fabis
675 1752 782 1832 caprini

123 1825 179 1890 fimi
192 1835 303 1915 singulis
324 1834 446 1903 cavatis,
461 1834 484 1891 si
498 1833 592 1912 porri,
607 1853 717 1906 erucae,
742 1834 786 1893 la·

119 1907 217 1985 Ruta,
233 1917 308 1995 apii,
320 1914 427 1985 intubi,
439 1911 564 1972 nasturtii
579 1912 684 1975 semina
699 1913 785 1973 inclu

122 1986 288 2068 (uferatur,
308 1994 379 2054 mire
393 1997 556 2073 provenire.
573 1992 651 2072 Quae
662 1992 725 2054 sunt
737 1994 785 2053 sil·

121 2071 234 2147 restria,
252 2076 354 2136 eadem
373 2078 403 2134 in
421 2072 517 2135 sativis
542 2075 660 2137 sicciora
675 2075 784 2136 intelli·

119 2170 235 2234 guumr,
256 2157 288 2217 &
303 2157 423 2216 acriora.
708 2175 709 2180 ’

155 2233 229 2296 LXI.
249 2235 384 2317 Namque
405 2237 439 2297 &
457 2234 605 2297 succorum
636 2235 785 2317 saporum·

115 2335 170 2397 qne
186 2316 307 2377 dicenda
324 2313 485 2378 differentia
502 2316 561 2391 est,
583 2316 632 2380 vel
649 2316 786 2395 'majorin

115 2396 163 2455 his·
175 2396 262 2478 quim
276 2399 381 2477 pomis.
401 2395 473 2459 Sunt
492 2416 587 2458 autem
605 2417 685 2456 acres
705 2394 787 2453 cuni·

114 2477 164 2552 lae,
174 2479 299 2560 origani,
311 2475 451 2551 nasturtii,
470 2479 586 2613 sinaXis.
603 2475 704 2535 Amari
715 2518 724 2548 ,
736 2473 787 2535 ab·

114 2559 225 2630 cinthii,
244 2560 401 2619 centaurei.
424 2557 532 2636 Aquat'
545 2559 596 2627 es,
613 2558 784 2631 cucumeris,

113 2639 284 2709 cucurbita,
304 2636 427 2700 lafiucae.
445 2634 534 2697 Acuti
547 2680 556 2709 ‚
569 2636 685 2717 thymi,
711 2640 786 2697 cart
827 2655 828 2658 ’

14 2775 16 2782 .
110 2720 157 2780 12.
173 2718 313 2780 Acuti&
326 2717 461 2789 odorati,
472 2718 549 2798 apii,
565 2716 675 2789 anethi,
685 2712 788 2780 feaicu-

75 2817 79 2824 ·
109 2797 247 2876 R'Sah‘us
270 2795 793 2942 tautirmesaporibustagnrratscitur,¹

645 2899 667 2946 V
