1967 3600
225 290 267 387 με
340 285 381 360 u.
407 285 580 359 mimi
608 261 797 360 mim
894 315 898 319 ·

219 409 278 469 lem
296 409 326 468 in
343 409 441 469 medio
468 409 556 468 horto
579 405 742 489 suspensum
766 407 910 472 auxiliati

219 506 344 549 narrant.
358 487 429 549 Sunt
446 489 496 568 qui
511 486 669 568 sanguineis
682 490 772 570 virgis
780 505 828 548 tan
849 510 912 557 ant

220 590 275 642 ea,
288 590 351 651 quae
370 568 472 628 uolunt
487 568 530 626 his
546 569 673 630 obnoxia
685 567 749 628 effe.
760 510 912 634 Infeiant

221 650 327 710 culices
347 647 445 707 hortos
464 648 561 728 riguos
573 650 717 730 praecipue
738 651 762 708 si
780 651 839 710 sint
855 673 912 711 ar·

220 725 344 790 bustulae
367 727 477 810 aliquae.
497 728 548 800 Hi⁴
560 730 683 811 galbano
710 729 831 792 accenso
855 731 911 795 fu·

206 867 209 870 ,
240 825 332 868 antur.

219 829 239 890 g
263 906 310 949 ιι.
327 887 405 948 Nam
415 889 496 971 quod
511 889 547 949 ad
563 891 806 971 permutationem
818 888 909 952 semi·

209 988 290 1028 ,num
307 972 422 1042 attinet,
438 968 606 1049 quibusdam
618 990 654 1029 ex
663 971 697 1029 iis
707 967 827 1030 firmitas
836 992 909 1032 ma·

218 1047 266 1129 jor
284 1047 342 1123 est,
355 1065 387 1108 ut
395 1049 563 1123 coriandro,
572 1051 663 1124 betas,
674 1071 761 1130 porto
772 1096 782 1124 ‚
793 1051 908 1112 nastur-

219 1132 283 1202 tio,
299 1131 411 1210 sinapi,
428 1149 537 1202 erucae,
549 1130 650 1190 cunilae
660 1174 671 1202 ,
692 1131 724 1190 δι
743 1129 804 1190 fere
823 1135 909 1192 acri-

219 1209 285 1270 bus.
306 1209 467 1271 Infirmiora
484 1226 581 1271 autem
595 1206 658 1270 sunt
680 1211 821 1290 atriplici,
839 1216 908 1273 oci-

219 1310 290 1364 mu,
310 1289 477 1363 cucurbitus,
496 1294 625 1352 cucumi:
638 1292 671 1352 δι
683 1289 779 1351 aestiva
800 1296 907 1354 omnia

219 1371 345 1432 hibernis
363 1373 453 1452 magis
469 1370 591 1432 durant:
607 1370 724 1430 minime
740 1387 838 1431 autem
850 1393 907 1455 ge·

218 1445 335 1533 thyum.
357 1450 415 1510 Sed
439 1471 474 1509 ex
493 1452 537 1509 his
556 1472 619 1532 quae
641 1449 703 1511 sunt
720 1448 905 1528 fortissima,

218 1532 331 1592 nulium
345 1531 418 1589 ultra
429 1531 638 1612 quadrimatum
649 1530 719 1590 utile
731 1530 793 1602 est,
814 1531 905 1595 dum·

217 1628 297 1671 taxat
313 1610 445 1672 serendo.
459 1607 572 1672 Culinis
591 1611 624 1673 ὃ(
641 1610 714 1672 ultrit
725 1612 905 1695 tempestiva

219 1690 294 1751 sunt.
337 1694 344 1705 ⁶
437 1721 441 1729 ·

260 1769 337 1833 LIX.
346 1769 499 1833 Peculiaris
508 1770 651 1832 medicina
659 1772 796 1855 raphano,
805 1774 902 1847 bete,

218 1870 306 1926 rutae,
318 1854 441 1926 cunilae,
459 1856 488 1912 iu
512 1852 588 1912 salsis
600 1855 698 1934 aquis,
716 1857 903 1934 quae&alio·

120 1984 121 1987 ,
153 1937 155 1941 ’
220 1934 271 2021 qui
288 1933 443 2014 plurimum
462 1931 592 1993 suavitati
613 1932 799 1995 &fertilitati
824 1956 903 1996 con·

216 2017 324 2073 ierunt.
338 2010 453 2073 Ceteris
463 2012 590 2073 dulcium
598 2034 735 2095 aquarum
742 2017 821 2096 rigua
833 2037 904 2098 pro·

218 2091 291 2153 suut.
315 2092 480 2153 Utilissimae
500 2114 536 2153 ex
552 2093 876 2175 iis‚quaefrigidissimae
889 2142 903 2169 ,

200 2174 253 2246 ¹&
271 2195 335 2254 quae
383 2191 435 2235 otu
453 2172 635 2233 suavissimae.
655 2174 767 2235 Minus.
780 2176 864 2236 utiles
880 2197 901 2237 e

217 2252 333 2335 stagno,
404 2274 474 2334 quas
488 2254 574 2314 elices
592 2252 746 2328 inducunt,
760 2258 902 2336 quoniam

218 2333 372 2395 herbarum
386 2332 500 2400 semina¹
515 2333 665 2394 invehunt.
689 2334 832 2417 Praecipue
854 2354 902 2395 ta·

216 2435 287 2477 men
308 2414 415 2474 imbres
435 2413 523 2475 alunt.
537 2412 614 2474 Nam
626 2413 794 2478 &bestiolae
804 2416 900 2477 inuas-

216 2513 321 2556 centes
338 2512 483 2556 necantur.

259 2575 324 2635 LX.
347 2596 393 2649 ιι,
412 2576 466 2637 His
478 2576 558 2638 horae
569 2576 695 2658 rigaudi,
709 2578 847 2637 matutina
854 2594 900 2637 ut·

215 2673 221 2722 ,’
241 2674 278 2714 ue
304 2653 446 2736 vespera,
468 2678 506 2717 ue
530 2656 698 2717 infervescat
723 2677 797 2738 aqua
820 2655 900 2718 Sole.

216 2674 327 2796 &timo
337 2737 448 2795 tautum
465 2736 497 2797 δι
516 2735 673 2795 meridiana
683 2756 691 2794 ε
702 2738 789 2796 etiam
805 2735 898 2796 satum

211 2811 367 2881 ,celerrimi
376 2835 528 2898 erumpere
536 2830 636 2899 putant
642 2816 738 2892 ‚iuter
748 2818 828 2884 initia
837 2815 899 2886 ier.-
