1967 3600
174 283 613 359 ·Hrsron.Lib.XX1.
665 285 729 385 18¹5

82 403 138 467 Item
154 402 303 487 iocineris,
324 404 358 467 &
371 424 473 466 renum
484 402 669 487 ssuffusisque
679 403 734 488 fet.

82 486 109 547 le.
123 485 153 546 Et
171 483 338 568 hydropicis
353 505 407 567 per
426 484 477 559 se,
498 487 548 546 vel
561 500 630 546 cum
642 485 735 546 absin·

81 565 133 627 thio.
141 564 211 627 Sistit
219 568 423 656 purgationum
436 564 590 627 mulierum
598 568 735 649 impetus.

109 645 216 708 LXXX.
244 645 317 725 Ejus
343 648 417 708 verb
441 647 521 728 quod
544 647 604 729 phu
627 647 736 709 eodem

35 703 37 832 I
81 725 132 787 Ioco
144 728 365 808 appellavimus,
385 726 466 786 radix
486 727 569 787 datur
590 727 736 810 potuitri·

35 839 36 868 ;
81 822 116 880 tt,
130 808 172 867 vel
186 806 305 868 decodia
320 806 357 867 ad
376 805 584 889 strangulatus,
601 808 652 869 vel
676 828 734 890 pe-

35 891 36 894 ’
82 883 145 947 doris
160 888 274 949 dolores
283 933 301 961 ,,
311 887 363 948 vel
380 888 510 949 laterum·
532 887 649 950 Menses
662 909 734 971 quo·

82 986 123 1048 qne
140 969 199 1029 ciet.
221 967 335 1028 Bibitut
357 969 523 1040 cumlvino.
782 1025 784 1030 .

35 1055 36 1060 ’
109 1045 231 1110 LXXXI.
249 1046 382 1109 Crocum
410 1049 498 1108 melle
513 1068 573 1107 non
593 1047 733 1122 solvitur,

81 1128 142 1187 nullo
160 1149 194 1189 ue
216 1130 314 1189 dulci:
328 1126 462 1189 facillime
482 1131 734 1201 autemviuo,aut

81 1209 144 1289 aqut.
184 1210 345 1270 tilissimum
363 1212 392 1269 in
409 1208 568 1270 medicini.
589 1207 735 1270 Adserva·

35 1309 37 1360 t
83 1292 225 1351 nicomed
241 1289 364 1373 pyxide.
387 1288 515 1350 Discutit
533 1288 736 1366 inflammatio·

35 1419 36 1430 ,
81 1388 120 1428 uer
137 1391 234 1431 omnes
252 1370 393 1452 quidem,
415 1368 466 1430 sed
482 1369 634 1449 oculorum
650 1371 739 1442 mati·

82 1449 118 1509 ui
127 1471 157 1510 ex
166 1473 224 1513 ovo
234 1452 346 1512 illitum.
355 1449 640 1531 Vulvarumquoque
650 1446 739 1510 stran-

82 1531 191 1610 gulatus,
207 1530 347 1592 stomachi
373 1531 617 1600 exulcerationes,
638 1528 739 1614 petio·

82 1611 124 1683 ris,
136 1613 164 1673 dc
174 1632 273 1673 renum
281 1610 480 1692 ,iocinerum
489 1612 678 1691 pulmonum,
687 1631 739 1673 ve-

84 1691 259 1774 titanumque,
273 1692 453 1774 peculiariter
464 1692 684 1753 inflammationi
694 1712 738 1752 ea·

82 1790 132 1832 run
147 1774 334 1836 vehementer
353 1772 432 1835 utile.
451 1770 525 1833 Item
536 1772 738 1853 cussidepieu·

83 1852 162 1916 titicis.
174 1853 266 1916 Tollit
285 1857 318 1918 δι
338 1856 472 1935 pruritus.
484 1854 587 1916 Urinas
599 1855 663 1915 ciet.
674 1852 740 1934 Qui

84 1952 180 1995 crocum
196 1938 274 2017 pribs
290 1932 430 2006 biberint,
447 1956 493 1997 cra
514 1935 591 1996 ulam
608 1935 741 2013 nousen·

84 2013 160 2090 litut,
175 2016 305 2083 ebrietati
323 2014 460 2077 resistent.
510 2038 609 2077 orouae
620 2037 740 2098 quoque

84 2113 112 2152 ex
124 2114 156 2156 eo
174 2098 301 2160 mulcent
319 2097 498 2158 ebrietatem.
512 2095 652 2158 Somnum
662 2095 741 2158 facit.

85 2169 163 2255 Caput
179 2177 280 2240 leniter
303 2194 415 2240 movet.
436 2175 584 2238 Venerem
608 2174 740 2238 stimulat.

86 2250 140 2314 llos
157 2254 215 2336 ejus
241 2262 251 2319 i
272 2262 302 2320 ni
321 2258 399 2320 sacro
421 2256 537 2319 illinitur
558 2277 625 2319 cum
662 2258 742 2318 creti

86 2329 202 2474 iiismom
219 2280 316 2424 lpIum
343 2338 472 2422 plurimis
501 2336 744 2401 medicaminibus

126 2434 207 2480 cetur.
722 2452 725 2457 <

116 2493 254 2559 LXXXII.
278 2497 419 2581 Collyrio
443 2498 493 2556 uui
519 2497 606 2559 etiarn
636 2513 746 2555 nomen

88 2571 158 2637 dedit
170 2578 234 2638 Faex
244 2599 361 2661 quoque
372 2578 502 2658 expressi
519 2592 668 2658 unguento
678 2595 744 2655 cro-

89 2656 159 2728 titto,
178 2660 256 2740 quod
285 2678 490 2739 crocomagma
508 2654 679 2737 appellant,v
694 2655 745 2733 ha·

90 2728 129 2793 bet
142 2734 196 2799 suas
212 2739 347 2801 utilitates
368 2755 470 2800 contra
487 2735 655 2798 suffusiones
674 2756 745 2815 ocu·

90 2810 182 2892 Ioron,
191 2822 292 2885 urinas.
306 2819 401 2914 Magis
412 2816 558 2883 excalfacit
566 2818 746 2903 ,quincto
