1967 3600
217 246 290 320 216
341 246 377 316 C.
402 246 577 315 Primi
601 240 793 312 Nur-un.

217 387 380 451 purpureus
404 362 490 426 effeti
509 363 542 423 δι
561 360 716 434 feminam,
732 363 780 420 cui
805 361 918 424 vitula·

219 471 299 511 ceus.
317 448 386 509 Uno
400 444 551 505 nascuntur
571 442 651 502 caule
665 442 804 514 cubitaII,
823 465 918 504 cras·

218 530 343 600 situdine
359 523 474 608 digitali.
492 523 649 584 Radicibus
662 543 759 582 earum
770 523 918 588 lichenes

220 626 374 681 curantur,
391 626 457 668 cum
481 601 615 685 sulphure
630 605 662 665 δι
677 604 821 664 bitumine
850 606 919 668 unia

220 693 326 753 codis:
343 685 589 748 commanducatis
609 684 682 744 vero
707 683 812 743 dentes
838 705 919 746 mo·

213 773 312 840 biles,
332 784 381 829 aut
401 768 431 827 iu
449 783 535 827 aceto
554 763 689 825 decodlis.
715 761 812 825 Succo
843 766 918 826 sca-

220 835 300 913 biem
318 850 404 909 etiam
422 845 642 936 quadrupedum
658 842 764 905 sanant.
783 844 824 905 Et
837 849 917 907 rici·

120 977 122 981 -
212 952 274 994 nos
294 948 398 990 canum
418 944 539 988 necant:
558 945 699 1006 juvencos
715 946 774 1006 quo
797 947 837 987 ue
853 949 917 988 an·

213 1014 294 1095 :ginae
313 1009 415 1070 modo.
433 1006 535 1087 Quare
549 1028 566 1066 a
582 1004 752 1087 quibusdam
767 947 914 1088 dIophon

217 1108 361 1164 ¹vocatur,
379 1090 410 1150 &
431 1088 618 1169 cynozolon,
637 1103 758 1168 propter
777 1091 916 1169 gravita-

219 1189 280 1236 tem
295 1172 405 1232 odoris.
423 1170 532 1230 Ferunt
548 1171 580 1230 δι
600 1168 660 1226 haec
678 1166 789 1228 viscum
803 1170 915 1231 ulceri·

220 1256 276 1315 bus
287 1253 477 1313 utilissImum.
498 1248 641 1310 Omnium
650 1265 747 1309 autern
763 1268 914 1331 generum

221 1354 325 1397 cotum
347 1333 456 1392 radices
479 1328 677 1411 scorpionibus
704 1328 912 1392 adversantur.

263 1411 360 1476 XXII.
377 1433 424 1494 ¹9·
434 1410 610 1490 Cotonopus
620 1409 747 1492 oblonga
758 1411 853 1471 herba
866 1411 913 1478 est

222 1517 292 1557 cum
311 1491 419 1553 fiffuris.
438 1490 547 1551 Seritur
559 1493 690 1565 interim,
708 1494 852 1572 quoniam
864 1514 913 1551 ra·

218 1579 277 1640 dii
295 1574 418 1646 coeliacis
432 1572 566 1655 preclare
582 1570 650 1631 facit
662 1574 692 1630 in
708 1575 809 1632 cinere
821 1572 911 1641 tosta.

263 1653 374 1717 XXIII.
392 1672 439 1714 20.
459 1653 497 1713 Et
511 1650 641 1713 anchusae
655 1652 774 1712 radiatio
783 1651 837 1713 usu
848 1652 912 1727 est,

221 1734 335 1820 digitali
358 1734 554 1795 crassitudine.
570 1733 699 1793 Finditur
713 1736 821 1816 papyri
840 1756 912 1795 mo·

221 1819 285 1879 ,doz
304 1814 458 1897 manusque
485 1814 577 1874 inficit
597 1814 752 1896 sanguineo
781 1815 910 1879 colore:

222 1896 457 1978 praepatatlanas
473 1896 608 1976 pretiosis
633 1895 790 1956 colorIbus.
818 1895 913 1959 Sanat

218 1975 323 2041 ulcera
341 1978 371 2034 in
394 1992 512 2047 cerato,
529 1976 673 2057 praecipue
698 1975 817 2039 senum:
835 1980 912 2038 item

221 2054 332 2120 adusta.
350 2055 466 2137 Liquari
485 2076 546 2116 non
564 2055 660 2136 potest
675 2059 705 2117 in
722 2059 817 2139 aqud:
837 2061 912 2120 oleo

153 2134 155 2137 ’
218 2135 401 2198 dillolvitur:
419 2137 508 2218 idque
530 2139 649 2197 sincerae
675 2141 913 2220 experimentum

219 2215 279 2279 sest.
297 2215 390 2277 Datur
407 2218 440 2278 δι
455 2218 492 2277 ad
504 2237 606 2279 renum
627 2219 743 2280 dolores
768 2221 913 2281 drachma

184 2346 187 2347 ν
221 2295 290 2379 ¹ejus
305 2298 385 2379 potui
399 2300 429 2356 in
450 2301 538 2361 vino:
552 2316 602 2359 aut
615 2301 639 2358 si
654 2298 743 2361 febris
751 2304 845 2373 sit‚in
858 2303 912 2362 de·

225 2377 313 2440 collo
336 2379 437 2440 balani.
456 2376 531 2438 Item
551 2381 581 2439 in
600 2377 865 2458 iocinerumvitiis‚
877 2384 911 2444 δι

226 2462 329 2534 lienis,
347 2458 452 2535 &bile
469 2457 588 2520 suffusis.
609 2459 709 2542 Leptis
726 2464 759 2523 dc
776 2463 913 2546 lentigim’

220 2541 347 2602 illinitur
368 2561 404 2600 ex
419 2558 514 2602 aceto.
533 2540 615 2601 Folia
635 2545 700 2602 trita
727 2563 795 2603 cunr
818 2544 911 2604 melle

221 2622 263 2681 ,ἃ
278 2620 397 2695 vlarini,
415 2622 522 2683 ¹luxatis
548 2624 735 2702 imponuntur
754 2625 816 2685 εδ(
837 2643 913 2704 pota

228 2701 370 2760 drachmis
388 2702 497 2762 duabus
514 2705 544 2762 in
566 2701 658 2762 mulso
674 2703 775 2764 ‘alvum
795 2703 910 2765 sistunt.

221 2777 458 2859 ¹Pulicesuecate
475 2782 557 2845 radix
572 2783 693 2869 inaqual
708 2784 830 2865 decocta
849 2803 910 2845 tra·

226 2854 312 2917 ditur.
793 2864 910 2928 XXIV.
