1967 3600
227 224 446 298 Hrsroa.
471 229 544 300 Lib.
564 227 648 302 XX.
700 252 767 329 127

43 394 45 437 t
90 346 200 423 urstis,
220 347 344 410 decosia
360 351 391 408 in
407 346 509 409 oleum
527 346 597 410 solia
620 350 773 491 imponun-

102 446 156 491 tur:
170 432 201 491 δι
219 430 258 491 ad
277 430 433 491 vulnerum
450 432 578 511 impetus
598 452 648 492 cru
669 453 685 492 a
705 454 772 495 cum

102 530 173 592 pane..
192 508 304 572 Succus
326 510 452 571 decoiiae
470 513 570 573 nervis
588 511 772 652 prodest,&

104 594 209 666 vesicae,
219 592 252 652 ἃ
265 591 467 652 intestinorum
478 594 587 652 rosioni
610 612 653 653 us.
661 592 776 655 Vulvas

102 671 193 732 &cibo
207 672 240 732 ἃ
255 671 405 733 infusione
414 671 638 734 emollitinoleo
653 672 773 736 :succus

102 751 214 812 decadae
232 769 401 835 permeatus
419 750 519 814 suaves
532 752 608 813 facit.

132 831 248 893 Althaeae
267 838 299 893 in
321 833 456 894 omnibus
478 832 563 915 suprai
578 833 657 894 ditiis
677 832 771 896 effica·
839 889 844 895 .

102 912 153 971 rior
169 913 264 975 radix:
283 913 433 995 praecipui
451 914 597 974 convulsis
611 915 770 998 ruptisque.

102 987 178 1052 Coda
196 995 225 1053 in
244 995 323 1076 aqui
342 993 440 1054 alvum
457 992 535 1054 sistit.
559 992 603 1054 Ex
615 999 687 1057 vino
701 995 769 1057 albo

102 1068 221 1147 strumas,
238 1075 271 1136 dt
288 1073 456 1157 parotidas,
470 1076 502 1135 δι
520 1095 709 1136 mammarum
727 1079 770 1135 in·

103 1150 317 1230 damnationes,
337 1155 370 1215 ἃ
386 1162 476 1236 panos
496 1156 526 1214 in
543 1158 615 1217 vino
630 1155 699 1216 solia
716 1156 770 1217 de·

103 1232 169 1292 roua
182 1237 213 1297 &
227 1236 303 1296 illita
313 1235 429 1296 tollunt.
446 1235 557 1295 Eadem
566 1236 643 1295 arida
652 1238 681 1295 in
696 1236 769 1297 la&

104 1310 377 1399 decoha,quamlibet
385 1311 552 1396 perniciosa
559 1317 629 1376 tussi
637 1318 770 1377 citissimi

104 1394 462 1479 medenturaflippocrates
480 1397 657 1468 vulneratis,
674 1398 771 1456 sitien·

105 1472 214 1558 thusque
234 1477 352 1539 defcilu
372 1476 532 1560 sanguinis,
552 1477 655 1538 radicis
678 1477 771 1537 deco·

105 1549 259 1619 dasuccum
267 1557 433 1619 bibendum
443 1557 544 1618 dedit:
562 1556 696 1639 &ipsam
705 1557 769 1618 vul·

104 1637 201 1697 naribus
220 1661 292 1700 curn
314 1640 403 1700 melle
426 1639 459 1700 δι
476 1639 589 1700 aesini:
604 1641 674 1700 item
698 1658 769 1698 con·

106 1717 178 1790 usis,
197 1718 321 1792 luxatis,
339 1719 533 1794 tumentibus,
561 1720 593 1780 ὅ(
611 1717 767 1793 musculis,

81 1845 85 1852 s
103 1800 199 1874 renis,
214 1800 341 1863 articulis
370 1798 525 1883 imposuit:
542 1800 574 1863 δι
594 1799 766 1861 asthmaticis

106 1892 133 1933 ac
152 1876 334 1958 dysentericis
350 1884 380 1941 in
400 1884 471 1948 viuo
489 1882 648 1943 bibendum
673 1882 767 1946 dedit.
833 1898 835 1902 ’

106 1951 326 2047 Mirum,aquam
344 1963 439 2022 radice
457 1962 493 2023 ed
512 1963 609 2023 additi
628 1961 767 2023 addensa-

106 2036 180 2099 riluh
197 2044 264 2118 dio,
279 2061 367 2126 atque
382 2041 539 2106 ladescere.
554 2041 705 2105 Efficacior
714 2063 766 2103 au·

107 2128 170 2187 lem,
224 2127 242 2185 ὸ
267 2125 425 2184 recentior.
747 2143 754 2154 ‘

266 2249 276 2265 .
291 2203 356 2265 Nec
371 2204 518 2285 lapathum
532 2204 686 2266 dissimiles
698 2201 766 2264 esse·

101 2271 153 2336 dus
168 2281 256 2347 habet.
277 2283 328 2346 Est
346 2302 441 2346 autem
458 2286 493 2348 δι
510 2284 658 2359 silvestre,
683 2282 766 2365 quod

107 2354 283 2427 diioxaiidem
293 2387 329 2447 ap
351 2366 454 2439 ellant,
469 2364 570 2447 sapore
584 2366 767 2446 proximum,

107 2432 167 2499 loliis
176 2451 280 2518 acutis,
294 2386 393 2507 colore
413 2448 490 2507 betae
510 2446 639 2504 candidae
650 2487 660 2511 ,
670 2440 767 2502 radice

107 2518 222 2587 minimi:
242 2525 333 2587 nostri
349 2529 424 2588 verb
440 2526 602 2596 rumicem,
619 2521 667 2581 alii
688 2520 767 2602 lapa-

106 2595 173 2660 thum
188 2608 400 2678 cantherinum,
415 2605 453 2664 ad
469 2603 590 2664 strumas
605 2622 671 2662 cum
681 2621 767 2661 axun-

106 2676 146 2815 {ll
156 2681 387 2750 efficacissimum.
409 2683 458 2746 Est
481 2686 514 2747 δι
537 2685 659 2746 alterum
677 2701 767 2765 geum
798 2682 801 2686 ’
838 2695 840 2698 ’

131 2777 174 2837 re,
188 2767 390 2851 oxylapathon
400 2783 522 2840 vocant,
534 2764 630 2909 sm?-
637 2763 717 2826 idem
727 2767 764 2826 cin

622 2868 654 2909 ιν
