1967 3600
211 238 285 317 'roo
335 239 373 313 C.
392 239 582 310 Purra
611 224 811 309 Narba.

214 360 340 422 minibus
358 361 389 420 in
405 354 532 441 hyffopo
550 353 691 429 decocta,
709 354 742 418 δι
761 374 829 417 curn
846 356 907 418 'vi-³

215 462 268 502 uo.
283 440 332 503 Sic
352 442 385 502 &
400 438 566 519 sanguinem
584 434 656 497 sistit
669 438 852 510 interiorem,
863 439 904 499 δι

215 523 329 583 narium
336 520 438 580 indita:
453 520 494 576 sic
504 518 536 578 &
552 517 667 577 collutis
679 518 814 578 dentibus
824 538 905 599 pro·

217 601 290 664 dest.
309 600 435 661 Auribus
453 617 570 678 quoque
587 599 617 656 in
633 597 734 657 dolore
745 596 905 658 succusin'-

217 681 362 744 funditur:
385 675 550 753 custodito,
569 688 603 736 ιιι·
619 676 764 753 diximus,
777 678 875 738 modo
890 694 905 754 ,'

217 763 248 824 in
262 757 392 821 silvestri.
410 755 522 820 Contra
538 756 702 818 tarditatem
725 758 798 819 verb
819 756 905 821 soni-

217 859 355 923 tumque,
372 859 439 900 cum
458 838 604 909 rosaceo,
627 838 679 899 vel
702 854 769 898 cum
794 839 905 900 laureo

215 922 306 996 oleo,
325 935 374 980 aut
397 922 516 981 cumino
540 920 574 981 &
599 918 697 980 melle.
723 916 832 979 Succus
865 921 903 981 δι’

218 1002 394 1084 phreneticis
404 1020 442 1061 ex
452 996 621 1060 acero'tritae'
632 997 779 1059 instillatur
788 1000 818 1058 in
827 1015 905 1060 tern-

241 1101 292 1143 ora
311 1084 345 1144 δι
367 1081 530 1143 cerebrum.
556 1076 735 1155 Adjecerunt
756 1078 842 1160 aliqui
868 1079 905 1141 δι

218 1103 263 1223 ser
286 1162 396 1243 yllum‚
410 1162 443 1222 &
452 1162 579 1231 laurum,
590 1160 734 1221 illinentes
744 1162 855 1242 capita,
868 1161 908 1222 &=

217 1183 306 1305 colia.
330 1241 838 1322 Dedemnt&lethargicisexaceto
856 1241 905 1300 ol·

218 1323 395 1385 faciendum·
413 1320 569 1383 Dederunt
588 1322 621 1384 δι
642 1319 834 1381 comitialibus
851 1318 906 1381 bi·

220 1405 350 1466 bendum
367 1400 494 1473 decodae
511 1400 627 1462 succum
645 1401 676 1460 in
697 1402 809 1481 cyathis
826 1422 904 1483 qua-

129 1553 133 1560 ,
220 1503 290 1563 tuor
305 1502 371 1545 anre
389 1482 588 1554 accessiones,
612 1500 733 1562 ῳιιιιιιι
750 1479 839 1564 frigus
855 1483 904 1541 in·

221 1564 372 1629 tolerabile
393 1561 450 1624 est:
462 1559 628 1644 alsiosisque
645 1562 762 1623 crudam
775 1564 805 1622 in
823 1562 903 1624 cibo.

222 1645 345 1706 Urinam
362 1662 480 1726 quoque
498 1644 550 1705 vel
565 1642 711 1704 cruentam
726 1642 818 1723 pellit.
843 1641 904 1704 Fe·

221 1728 364 1792 minarum
375 1726 461 1786 etiam
473 1725 677 1805 purgationes,
691 1720 903 1807 secundasque,

221 1810 311 1868 etiam
325 1822 473 1869 emortuos
490 1822 606 1885 partus,
623 1821 656 1865 ut
666 1804 838 1885 Hippocrati
852 1807 904 1866 vi·

220 1887 326 1962 detur,
342 1907 380 1946 ex
398 1887 470 1947 vino
489 1884 568 1945 dulci
583 1886 613 1945 ni
648 1904 667 1945 o
689 1903 770 1967 pota.
799 1883 904 1975 ltaque

216 1966 324 2030 illitam
344 1968 376 2028 &
387 1965 543 2027 vulvarum
554 1967 620 2027 caus
650 1966 735 2028 etiam
748 1963 843 2027 suffire
854 1986 905 2045 Ju-

222 2046 284 2108 bet.
301 2046 425 2109 Diocles
436 2046 617 2108 &cardiacis
636 2048 761 2131 imponit
778 2067 816 2108 ex
833 2068 905 2108 ace·

222 2144 257 2188 to
272 2129 306 2191 u
316 2127 411 2190 melle
423 2145 491 2188 cum
504 2126 592 2190 larini
601 2127 772 2190 hordeacei.
787 2134 820 2188 Et
829 2147 903 2188 con·

223 2226 269 2270 tra
288 2209 378 2269 ileum
398 2207 519 2269 decoila
533 2207 626 2269 farina
639 2210 670 2268 in
684 2208 770 2281 oleo,
787 2208 821 2270 dt
837 2208 904 2270 vel·

222 2288 332 2352 letibus
351 2288 484 2351 colledia.
501 2286 591 2350 Multi
604 2289 678 2350 verb
690 2289 722 2351 δι
740 2306 841 2349 contra
852 2311 904 2369 pu·

222 2364 904 2444 rulentasexscreationessiccaedrachmasduau

223 2451 365 2534 sulphuris
375 2472 463 2513 unam
473 2451 506 2513 &
516 2451 665 2511 dimidiam
682 2449 754 2512 sumi
765 2448 903 2511 censent:

224 2530 263 2594 Et
275 2551 375 2596 contra
386 2549 530 2608 cruentas,
543 2552 639 2593 ramos
655 2549 713 2592 tres
724 2529 754 2591 in
765 2532 837 2591 vino
850 2530 904 2591 de·

222 2612 335 2674 cobios.
364 2612 459 2673 Datur
474 2614 507 2674 &
527 2612 713 2694 dysentericis
732 2615 801 2671 cum
818 2609 902 2672 caseo
925 2605 932 2624 ⁴

222 2689 254 2748 in
271 2694 341 2768 νίιιο
360 2693 489 2754 coutrita
511 2689 666 2753 Dederunt
679 2692 712 2753 δι
728 2711 796 2752 cum
823 2689 922 2753 bitu-⁸

222 2769 300 2835 minc
314 2767 456 2837 infriatam
467 2772 580 2854 potioni
594 2786 715 2858 propter
730 2769 902 2838 anhelitum·
