1967 3600
183 192 396 307 Hrsrom
417 232 492 306 Lib.
511 231 596 307 XX.
677 261 720 333 9¹

67 370 167 415 reorum
187 353 289 436 plagas
312 355 344 415 &
361 352 453 426 vitia,
476 373 543 414 eum
557 351 663 437 silphio
680 358 729 438 pi·

67 433 116 494 lulis
136 436 283 497 devoratis
311 434 419 496 sedant.
442 433 482 495 Et
504 432 664 496 sativorum
684 434 731 496 se·

69 534 121 575 tuen
130 533 228 576 contra
246 516 398 599 phalangia
409 515 517 575 bibitur
528 517 558 574 in
570 519 651 576 vino.
671 514 732 598 Ipsi

53 612 175 659 ‘etaceto
185 598 337 658 illinuntur
348 614 448 658 contra
458 594 487 656 se
539 598 633 657 ntiunr
649 595 733 658 illus·

69 673 154 739 Senen
163 681 219 739 anti
244 681 272 738 ui
284 677 444 739 bibendum
460 617 664 739 iniiiientibus
680 677 733 738 da·

70 755 130 818 haut.
148 759 214 820 Flos
255 759 393 819 ulborum
406 760 486 819 rn‘tns
504 778 621 819 crurum
635 778 732 819 macu-

71 836 257 900 lasvarietares
291 860 307 898 e
320 842 386 923 igne
397 838 482 898 fallas
496 840 640 900 emendat.
653 836 733 898 Dio·

70 918 117 978 cles
134 921 230 981 oculos
277 920 387 981 ebetati
409 920 445 979 ab
464 921 498 978 iis
517 937 606 1002 putat.
632 917 731 980 Elixos

70 1000 127 1058 assis
145 1005 235 1063 minus
248 1001 334 1062 utiles
351 998 407 1060 esse
426 997 541 1079 adjicit,
561 1002 594 1062 δι
613 998 734 1061 difficile
851 1032 854 1040 ,

73 1097 148 1140 conco
169 1085 196 1142 ui
215 1103 252 1142 ex
269 1084 301 1141 vi
318 1078 535 1162 uniuscujusque
554 1099 671 1142 naturae.

191 1163 347 1224 Bulbinem
370 1159 469 1224 Graeci
487 1180 595 1222 vocant
610 1161 732 1222 herbam

74 1245 200 1325 porraceis
222 1244 321 1312 foliis,
350 1242 511 1303 rubicundo
538 1242 639 1303 bulbo.
661 1241 735 1301 Haec

76 1322 177 1383 traditur
195 1323 363 1386 vulneribus
387 1324 461 1382 mire
486 1323 563 1382 utilis
590 1323 739 1382 dumtaxat

75 1405 225 1466 recentibus.
243 1404 353 1465 Bulbus
366 1424 455 1485 quem
474 1406 665 1464 vomitorium
682 1421 737 1460 vo·

77 1500 129 1542 tant
145 1487 177 1546 ab
193 1484 314 1559 elfelm,
326 1483 397 1546 folia
412 1483 501 1544 habet
518 1486 616 1570 nigra,
631 1483 739 1546 ceteris

77 1562 197 1646 longiora.
476 1594 486 1602 -

109 1643 190 1708 llLll.
210 1666 256 1709 to.
281 1646 458 1707 Utilissimus
485 1643 634 1707 stomacho
656 1642 740 1706 cibus

78 1722 182 1812 asparagi
199 1728 355 1789 traduntur.
375 1724 508 1788 Cumino'
519 1727 638 1810 quidem
657 1726 738 1785 addi-

78 1823 104 1865 to
115 1809 264 1874 inflationes
279 1807 417 1869 stomachi
437 1807 551 1890 colique
570 1806 738 1868 discutiunt:

78 1887 153 1950 iidem
163 1893 250 1952 oculis
262 1891 423 1951 claritatem
439 1887 580 1950 adferunt.
594 1887 739 1948 Ventrem

78 1966 164 2031 leniter
185 1973 329 2033 molliunt.
349 1968 476 2032 Pelloris
495 1972 528 2032 δι
547 1968 634 2053 spinae
653 1969 739 2030 dolo·

79 2049 159 2123 ribus,
172 2052 430 2134 intestinorumque
447 2052 526 2111 vitiis
544 2048 680 2131 prosunt,
693 2050 741 2109 vi·

80 2149 113 2192 uo
125 2134 182 2193 cirm
200 2149 365 2215 coquuntur
381 2131 491 2191 addito.
510 2131 560 2191 Ad
575 2131 743 2192 lumborum

82 2210 210 2276 &renum
224 2214 361 2285 dolores,
374 2210 472 2274 semen
485 2213 573 2272 triurn
585 2208 744 2273 obolorum

82 2294 212 2372 pondere,
252 2295 292 2355 ari
316 2295 423 2356 cumini
452 2293 571 2355 bibitur.
593 2291 746 2354 Venerem

83 2370 215 2439 stimulant.
265 2379 356 2436 tinam
381 2376 459 2436 cient
478 2375 649 2444 utilissime,
671 2390 748 2448 prae·

84 2469 196 2536 terquam
215 2458 347 2517 vesicam
368 2455 542 2517 exulcerant.
565 2452 659 2512 Radix
669 2469 747 2529 quo-

83 2554 147 2614 que,
160 2537 348 2620 plurimorum
367 2536 593 2619 praedicatione,
610 2531 697 2604 trita,
712 2530 745 2589 ὅ(

85 2633 116 2676 ex
130 2620 190 2680 vino
206 2619 274 2680 albo
294 2636 378 2700 pota,
400 2615 527 2676 calculos
548 2630 665 2695 quoque
694 2629 746 2669 ex·

84 2694 179 2771 turbat,
197 2700 363 2759 lumborum
383 2699 416 2759 &
435 2715 535 2756 renum
563 2693 680 2752 dolores
698 2688 746 2753 se·

84 2773 131 2848 dot.
147 2778 277 2865 Quidam
298 2781 332 2845 &
350 2778 386 2841 ad
403 2777 501 2841 vulvae
523 2773 657 2837 dolorem
664 2772 746 2845 aaut,
