1967 3600
157 255 392 331 Htsron.
412 260 486 332 Lib.
502 235 601 334 XXI.
660 259 739 360 189⁴

68 376 112 441 dell
128 377 318 461 dysentericis
346 379 514 453 veteribus,
535 379 569 442 dt
589 380 729 453 coeliaeis,

69 460 298 543 &orthopnoicis
305 505 316 533 ,
334 458 475 532 lienibus,
495 460 639 521 ulceribus
664 463 731 530 tho·

68 542 131 600 raris.
154 539 301 622 Calgines
320 540 473 601 oculorum
484 539 570 601 succo
579 561 647 602 cum
656 542 732 603 mel·

70 620 193 681 leinun'·
215 622 353 681 eximium
372 621 502 681 habetur.

235 700 271 761 ll.
281 699 432 771 Melilotos
442 721 559 783 quoque
567 702 659 762 oculis
669 721 733 763 me·

72 781 138 841 detur
148 801 214 842 cum
226 782 307 841 luteo
319 783 386 853 ovi,
402 798 451 841 aut
463 782 513 840 lini
521 781 637 843 semine.
660 781 730 842 Ma·

72 851 182 922 uillarum
198 881 317 944 quoque
335 862 453 923 dolores
467 859 537 923 lenit
546 883 556 935 ;
573 862 607 924 u
630 865 732 945 capitis

74 962 126 1002 tum
142 941 279 1003 rosaceo:
297 945 367 1002 irem
386 945 496 1002 aurium
508 963 524 1003 e
537 941 634 1024 passo,
651 964 735 1024 quae·

76 1024 160 1102 quein
175 1022 305 1083 manibus
326 1021 533 1095 intumescant,
560 1023 610 1083 vel
632 1044 732 1084 etum·

75 1120 138 1183 pant.
154 1102 298 1165 Stomachi
320 1104 438 1163 dolores
455 1105 483 1162 in
505 1105 575 1163 vino
594 1103 730 1178 decoda,

76 1183 116 1243 rel
129 1185 208 1244 cruda
228 1186 360 1265 tritaque.
383 1181 465 1244 Idem
494 1181 611 1244 effedus
636 1185 669 1245 δι
692 1185 730 1245 ad

77 1265 168 1325 vulvas.
178 1263 282 1326 Testes
291 1266 382 1335 verb,
394 1265 426 1325 δι’
435 1261 534 1325 sedem
543 1262 733 1345 prociduam,

77 1359 178 1427 queque
195 1346 236 1406 ibi
258 1346 317 1405 sint
332 1345 424 1416 vitia,
442 1363 545 1404 recens
556 1363 592 1403 ex
603 1343 735 1424 aquide·
855 1347 856 1350 ’

77 1423 158 1501 colla,
174 1426 223 1487 vel
239 1446 276 1486 ex
294 1422 382 1506 pallo.
404 1421 531 1504 Adjerto
547 1422 662 1485 rosaceo
685 1423 738 1485 illi·

78 1507 138 1565 nitur
153 1506 187 1567 ad
198 1510 397 1566 carcinomata.
413 1503 597 1566 Deservescit
615 1506 646 1564 in
661 1506 735 1565 vino

80 1585 149 1725 palei,
174 1587 356 1648 Peculiariter
379 1587 412 1648 δι
430 1602 531 1646 contra
553 1585 735 1646 meliceridas

117 1688 170 1728 cax.
604 1694 615 1704 ·

110 1746 293 1811 LXXXVIII.
315 1768 363 1811 21.
390 1744 545 1809 Trifolium
570 1744 628 1809 scio
655 1747 736 1809 credi

82 1831 215 1907 prevalere
232 1845 333 1892 contra
348 1829 522 1912 serpentium
531 1827 600 1890 irtus
613 1828 643 1889 dt
656 1827 736 1891 scor·

82 1910 199 1988 picium,
217 1931 254 1972 ex
274 1912 407 1971 vinoaut
419 1908 526 1993 posci,
540 1908 653 1971 seminis
667 1931 734 1993 gra·

82 1991 116 2049 nir
130 1994 222 2074 viginti
243 1993 340 2074 potis:
356 1991 406 2053 vel
424 1989 517 2064 soliis,
528 1993 561 2054 dt
573 1990 734 2087 tumber&

82 2068 745 2235 XXIXTXXIIX{illuriani}.

83 2249 164 2293 contra
181 2235 277 2295 omnia
293 2252 407 2295 venena
423 2252 477 2314 pro
503 2233 634 2293 antidoto
659 2229 738 2292 suffi·
840 2251 845 2262 ·

83 2330 137 2373 rere
153 2315 228 2376 xitv.
274 2335 328 2375 ana
345 2311 428 2393 ejus,
449 2315 530 2453 pund
554 2314 738 2394 minyanthes

84 2409 113 2450 ex
127 2413 158 2454 eo
170 2415 243 2478 appe
255 2396 394 2467 lavimus,
405 2411 447 2454 tra
469 2397 488 2454 i.
499 2394 594 2454 Multa
602 2394 657 2450 alia
665 2411 738 2472 prae·

83 2486 146 2534 terea
162 2477 191 2535 in
205 2476 345 2536 remediis
363 2473 426 2555 ejus
448 2472 579 2545 adscribi.
593 2502 596 2507 ·
608 2469 665 2530 Sed
690 2487 744 2529 me·

83 2552 324 2618 contrasentenlias
333 2573 438 2616 ‘eorum
449 2551 608 2635 gravissimi
621 2549 675 2609 viri
692 2568 742 2608 au·
870 2586 873 2591 ‹

85 2629 178 2696 duritas
193 2634 482 2717 movet.·Sophocles
500 2632 577 2693 enim
595 2643 682 2713 poeta
692 2649 741 2689 ve·

83 2730 199 2777 uenatum
214 2717 244 2778 id
267 2718 346 2778 dicit.
368 2714 463 2775 Simus
518 2731 595 2794 oque
615 2709 741 2771 emedi-

82 2793 129 2870 cir,
138 2797 264 2873 decedi,
279 2815 328 2859 aut
352 2797 467 2859 contriti
497 2812 601 2857 uocum
618 2789 752 2856 inlusum*
