1967 3600
223 202 280 299 2'8a
319 228 355 298 C.
380 228 560 299 Prrutr
586 227 773 305 Narrare.

220 348 251 409 in
268 335 382 428 templo
396 345 540 428 Apollinis
561 343 690 426 Delphis
706 345 780 415 adeb
792 347 929 409 ceteris·

221 428 292 489 cibis
309 429 444 510 praelatus
460 426 618 507 raphanus,
636 442 669 485 ut
687 446 723 485 ex
741 446 816 485 auro
832 428 916 489 dica-

222 526 319 581 retur,
331 508 398 567 beta
410 527 448 565 ex
465 523 601 587 argento,
613 527 643 565 ra
664 527 713 566 um
730 526 746 566 e
763 503 916 586 plur'nbo.

221 587 313 648 Scires
330 607 389 646 non
405 587 445 645 ibi
464 589 593 668 genitum
619 527 752 648 helinium
776 584 927 650 Curium

220 670 444 749 imperatorem,
457 686 545 747 quem
556 664 723 727 Samnitium
734 667 844 748 legatis
860 690 916 729 au·

220 769 287 809 rum
304 747 488 826 repudiaturo
511 745 704 806 adferentibus
722 768 830 828 rapum
845 765 915 811 tor·

220 844 334 888 rentem
354 830 383 887 in
404 824 474 887 foco
493 829 645 887 inventum
661 826 792 887 Annales
813 828 914 890 nostri

219 906 386 988 prodidere.
409 905 579 988 Scripsit&
600 904 754 977 Moschion
778 905 915 970 Graecus

221 1008 312 1051 unum
326 987 363 1066 de
377 987 505 1068 raphano
525 988 676 1048 volumen.
694 987 857 1048 Utilissimi
875 993 911 1053 vin

220 1067 292 1128 cibis
301 1067 423 1128 hiberno
433 1067 787 1148 ternporeexistimanturt
804 1070 924 1131 iidem»

157 1172 179 1231 Ἰ
218 1168 279 1230 ¹que
298 1148 429 1208 dentibus
449 1148 561 1229 semper
570 1149 693 1218 inimici,
725 1150 849 1209 uoniam
865 1167 923 1210 at·-

220 1245 324 1289 tetant.
342 1227 439 1289 Ebora
456 1230 534 1289 certe
559 1228 681 1309 poliunt.
744 1228 827 1288 dium
862 1230 910 1290 his

221 1331 289 1372 cum
299 1311 359 1370 vite
371 1311 526 1370 maximum
536 1354 546 1383 ,
556 1308 715 1390 refugitque
724 1306 804 1387 juxta
817 1308 909 1372 satos.

264 1388 391 1451 XXVII.
400 1388 648 1471 Lignosiotasunt
659 1389 784 1470 reliqua,
797 1392 831 1450 in
844 1411 909 1451 cara

221 1471 370 1553 tilaginum
388 1488 495 1549 genere
515 1491 532 1528 a
553 1469 636 1528 nobis
656 1471 759 1549 posita.
776 1468 910 1531 Mirum·

265 1572 300 1624 e,
312 1551 445 1610 omnibus
455 1549 671 1611 vehementiam
680 1549 920 1632 saporistneffe,

222 1573 266 1692 {dd
277 1633 310 1690 iis
322 1627 469 1710 pastinacae
479 1651 570 1690 unum
578 1650 668 1711 genus
678 1628 786 1711 agreste
796 1630 907 1712 sponte
919 1672 920 1677 κ

221 1712 376 1793 provenit:
391 1708 570 1790 staphylinos
588 1708 691 1772 Graece
708 1710 825 1772 dicitur.
847 1711 907 1772 Al-

221 1810 317 1858 terum
343 1788 444 1851 seritur
473 1792 568 1852 radice
588 1792 638 1851 vel
656 1789 783 1866 semine,
803 1794 907 1874 primo

221 1892 293 1932 vere
306 1870 356 1932 vel
366 1889 524 1936 autumno:
539 1890 571 1932 ut
583 1871 705 1953 Hygino
720 1874 837 1952 placet,
847 1872 920 1932 Fe·-

221 1952 360 2023 bruario,
377 1950 533 2033 Augusto,
550 1950 732 2033 Septembri,
754 1951 881 2014 Odlobri
891 1995 905 2024 ,

221 2030 287 2098 solo
305 2030 392 2114 quim
405 2032 541 2093 altissime
556 2033 678 2093 refosso.
690 2032 838 2094 Annicula
849 2034 905 2093 uti·

222 2114 259 2192 lis
273 2109 328 2173 elle
342 2113 539 2251 incipit‚bima
547 2113 659 2188 utilior,
669 2116 773 2196 gratior
784 2131 902 2175 autum·

222 2214 282 2266 no,
302 2194 390 2271 patini
402 2214 459 2274 que
476 2194 618 2266 maxime,
631 2195 662 2255 &
673 2196 713 2253 sic
726 2214 846 2275 quoque
855 2194 904 2251 vi·

223 2294 272 2335 tus
289 2272 330 2332 illi
347 2272 521 2334 intradlabile
539 2272 590 2335 est.
609 2272 759 2334 Hibiscum
775 2296 792 2335 a
811 2271 922 2356 pasti·'

171 2384 174 2388 ⁴
223 2352 295 2416 naci
314 2353 471 2435 gracilitate
485 2352 586 2427 distat,
599 2354 763 2415 damnatum
773 2356 802 2413 itt
812 2354 901 2425 cibis,

223 2435 274 2502 sed
282 2434 434 2496 medicinae
442 2434 521 2496 utile.
534 2433 622 2496 Est&
631 2452 760 2515 quartum
770 2455 861 2517 genus
869 2435 899 2491 itt

223 2516 329 2582 eadem
347 2516 530 2578 similitudine
555 2512 720 2596 pastinacae,
737 2536 823 2595 quam
841 2533 900 2573 no·

223 2592 274 2656 stri
283 2592 426 2656 Gallicam
445 2613 568 2669 vocant,
580 2593 675 2657 Graeci
683 2597 756 2657 verb
767 2595 897 2656 daucott:

221 2671 304 2751 cnjus
327 2694 432 2756 genera
449 2671 538 2735 etiam
554 2693 678 2758 quatuor
693 2675 791 2740 fecere
803 2699 811 2739 a
824 2677 900 2744 inter
975 2703 976 2716 t

220 2752 334 2817 medica
345 2755 509 2822 dicendum.
