1967 3600
160 300 206 370 ‚6
282 300 520 374 GPnrnrr
544 298 766 372 Nurum

182 414 314 479 ferenda.
322 417 428 478 Vestes
448 418 518 479 inde
536 418 867 504 sacerdotibusAEgypri

119 528 123 535 ·
183 500 363 581 gratissimae.
371 497 519 577 Quartum
527 518 618 578 genus
632 497 870 564 Orchomeniunr

183 580 341 661 appeliant.
359 577 404 638 Fit
429 598 448 638 e
465 577 587 717 {anistri
602 580 685 640 velut
704 582 868 654 arundine,

184 660 334 721 dumtaxat
351 658 463 739 panicul
499 657 572 738 ejus.
591 659 692 721 Asiae
722 661 869 723 enisti'fa·

177 743 223 801 'cit
239 741 298 800 lina
309 737 346 799 ad
366 739 438 799 retia
457 742 541 820 praeci
564 762 614 812 ua,
624 745 653 803 iu
664 683 799 822 pidiando
814 743 867 802 dn·

182 821 296 893 santia,
315 818 417 880 frmice
446 763 608 882 manedac>
638 823 720 883 denis
750 822 868 885 diebus.

183 899 342 979 AEthiopes
350 896 472 979 indique
491 921 508 961 e
522 904 623 975 maiis,
637 901 751 963 Arabes
760 924 867 964 cucur·

179 979 270 1052 bitis,
293 982 322 1039 in
342 980 515 1055 arboribus,
531 998 563 1042 ut
581 984 730 1055 diximus,
785 985 870 1046 uitis.

224 1057 278 1123 Ill.
291 1059 381 1140 Apud
392 1082 447 1122 nos
459 1065 605 1124 maturitas
618 1061 679 1142 ejus
694 1064 755 1125 dun
775 1085 807 1124 us
819 1085 867 1123 ar·
967 1104 982 1139 3

182 1143 331 1224 &umentis
347 1142 532 1225 inteligitur,
550 1143 756 1204 intumescente
778 1143 866 1204 femi·

145 1286 148 1291 ,
182 1240 239 1293 ne,
250 1239 298 1283 aut
308 1222 406 1283 colore
421 1222 607 1286 flavescente.
621 1223 702 1286 Tum
716 1223 869 1299 mnam,

181 1303 219 1364 &
237 1304 267 1362 in
284 1301 435 1364 fasciculos
452 1306 600 1373 manuales
611 1305 795 1387 colligatum,
809 1307 867 1365 sic·

183 1399 264 1444 catur
280 1385 309 1445 in
327 1382 416 1455 sole,
431 1386 560 1465 pendens
576 1388 728 1446 conversis.
743 1384 869 1465 superne

182 1463 327 1525 radicibus
344 1486 404 1524 uno
424 1466 489 1537 die,
504 1485 575 1524 mox
591 1466 719 1546 quinque
735 1465 812 1540 aliis,
832 1468 867 1527 in

184 1547 359 1606 cumrarium
376 1547 449 1604 inter
464 1543 494 1604 se
506 1546 598 1605 versis
616 1543 732 1605 fascium
745 1549 867 1607 cacumi·

183 1625 287 1698 nibus,
304 1642 336 1685 ur
354 1622 451 1685 semen
469 1626 500 1684 in
520 1625 650 1686 medinm
669 1626 761 1687 cadat.
786 1625 869 1687 lnter

184 1705 375 1769 medicamina
395 1706 461 1766 huic
478 1707 524 1767 uis
533 1750 548 1778 ,
563 1709 596 1768 ὅ(
613 1708 646 1766 in
660 1707 789 1788 quodam
814 1728 867 1768 ru.-

178 1782 260 1848 stico
280 1809 313 1847 ac
339 1786 477 1878 praedulci
497 1785 586 1850 lrahae
608 1785 819 1872 Transpadana
829 1790 869 1849 ci·

185 1867 248 1939 bo,
265 1866 315 1928 sed
328 1888 397 1946 jam
411 1868 524 1948 pridem
534 1866 678 1929 sacrorum
687 1872 796 1929 tantum
806 1889 870 1951 gra·

185 1948 237 2009 rii.
257 1946 375 2008 Deinde
391 1948 455 2032 pust
473 1947 594 2011 meffem
611 1952 752 2010 triticeam
775 1951 820 2009 vir
841 1971 869 2013 ε

185 2030 197 2090 i
216 2026 253 2087 sae
270 2045 436 2110 merguntur
454 2031 483 2088 in
503 2050 607 2112 aquam
626 2028 739 2091 Solibus
755 2046 823 2111 cepe

185 2051 277 2182 dam,
289 2109 420 2191 pondere
430 2110 527 2192 aliquo
535 2109 689 2191 depressae:
700 2110 772 2170 nulli
788 2112 870 2173 enim

186 2189 289 2250 levitas
309 2187 411 2267 major.
434 2190 597 2251 Maceraras
608 2191 718 2252 indicio
728 2189 769 2251 est
779 2210 870 2251 mern·

186 2270 275 2332 brana
284 2268 413 2332 laxatior.
424 2269 770 2355 iterumqueinversa‚ur
778 2272 871 2350 prius,

187 2348 257 2413 sote
272 2351 431 2410 siccantur:
448 2370 519 2411 mnu
537 2349 667 2410 arefndiae
675 2353 705 2409 in
716 2347 784 2408 saxo
800 2367 870 2409 run·

189 2432 296 2493 duntur
317 2428 442 2510 stuparin
462 2430 577 2490 malleo.
591 2428 686 2508 Quod
702 2430 871 2510 proximum

189 2513 290 2571 cortici
308 2509 381 2586 fuit,
397 2509 477 2598 stupa
489 2511 663 2593 appellatur,
674 2510 823 2573 deterioris
834 2510 872 2570 li-

186 2592 236 2660 ni,
257 2592 437 2654 lucernarum
455 2592 518 2653 fere
537 2592 689 2653 luminibus
707 2592 809 2673 aptior.
833 2590 873 2654 Et

185 2668 250 2750 ipsa
271 2686 368 2735 tamen
414 2673 513 2734 editur
531 2672 630 2734 ferreis
652 2674 761 2743 hamis,
775 2671 870 2735 donec

189 2750 287 2826 nmnis
314 2695 479 2814 memirana
499 2753 703 2813 decorticemr.
730 2751 874 2816 Medulla

191 2833 377 2896 numerosior
396 2829 560 2909 distmdim
578 2833 721 2909 candore,
737 2831 889 2925 Wlfflin
