1967 3600
212 305 282 397 246
331 304 368 375 C.
399 302 579 372 Prrurr
604 291 796 371 Nurum·
860 267 863 272 ⁴

210 424 404 487 didissimum.
424 416 532 481 Succus
557 416 669 480 decodi
687 418 716 478 in
775 416 813 479 ud
840 430 901 480 caei

209 504 276 580 lesti
293 504 431 587 digeritur
450 502 480 561 in
496 497 648 582 pastillos,
674 516 707 559 ut
726 438 901 561 isisundatttr

211 585 384 648 exulceratis
401 582 554 642 interaneis
570 582 604 642 &
616 579 722 642 vulvis.
733 578 818 641 Cirris
835 580 902 663 ejus

211 663 347 742 ambustis
367 661 508 735 illinitur,
527 660 707 724 &carnibus
728 682 794 743 quae
815 683 903 723 rece·

213 748 287 811 dunt
303 745 339 808 ab
355 743 485 817 ossibus,
503 744 536 805 &
552 742 753 822 eruptionibus
764 744 902 825 pituita,

212 829 302 890 muris
320 826 415 886 aranei
427 823 583 885 morsibus.
593 822 677 884 Idem
692 820 830 904 adsperso
843 823 901 886 sale

212 929 248 971 ac
268 905 545 976 melle,·candorem
566 904 717 977 dentibus,
729 905 762 966 &
777 902 902 965 suavita-

211 1005 275 1050 retu
301 989 359 1048 oris
381 985 458 1048 sacit.
488 985 548 1047 Eos
564 987 614 1068 qui
632 1005 707 1066 pane
730 984 901 1047 hordeaceo

213 1085 355 1140 utuntur,
366 1069 471 1129 morbo
482 1067 591 1150 pedum
603 1067 704 1126 tentari
712 1082 829 1160 negant.
838 1064 901 1126 No·

213 1170 286 1215 vem
303 1151 397 1232 granis
415 1150 439 1210 si
455 1146 638 1209 furunculum
651 1148 716 1228 quis
731 1146 901 1207 circumdu-

214 1248 283 1307 cat,
303 1231 420 1313 singulis
440 1246 502 1303 ter,
521 1249 609 1289 manu
627 1225 759 1300 sinistri,
777 1227 813 1290 dt
831 1248 901 1288 oru-

210 1312 264 1382 ‚nia
282 1315 312 1372 in
333 1313 343 1370 i
364 1331 432 1372 nem
454 1307 598 1390 abjiciat,
628 1305 782 1369 confestim
812 1306 901 1369 sanari

214 1394 306 1455 aiunt.
336 1331 385 1453 ssi
401 1391 433 1452 &
455 1390 546 1451 herba
570 1389 727 1451 Phoenicea
754 1388 900 1470 appellata

216 1470 349 1546 Graecis,
369 1470 473 1533 nostris
491 1471 566 1531 verb
578 1470 722 1530 hordeum
743 1470 900 1530 murinum.

217 1553 293 1618 Haec
307 1555 372 1614 trita
382 1573 398 1614 e
407 1554 477 1615 vino
488 1551 704 1633 potapraeclare
713 1548 901 1612 cietmenses.

259 1631 368 1696 LXVI.
391 1632 523 1704 Ptisanae,
535 1653 600 1714 quae
612 1652 648 1692 ex
659 1631 772 1694 hordeo
784 1630 833 1703 fit,
844 1633 902 1692 lau·

214 1713 274 1778 sdes
294 1735 354 1776 uno
370 1713 522 1777 volumine
542 1712 673 1773 condidit
690 1712 901 1796 Hippocrates,

212 1820 284 1881 ‚quae
295 1817 371 1859 nunc
379 1817 481 1858 omnes
492 1795 522 1854 in
532 1795 635 1855 alicam
644 1792 797 1856 transeunt.
818 1790 900 1856 Con·

215 1879 263 1941 nu
281 1878 389 1959 quantb
408 1877 593 1937 innocentior
615 1873 711 1937 alica?
734 1875 902 1958 Hippocra-

217 1975 263 2021 tes
281 1973 380 2018 tamen
392 1955 556 2020 sorbitionis
590 1957 658 2017 tatii
673 1956 820 2030 laudavit,
830 1975 903 2038 quo·

217 2040 298 2101 niatu
322 2036 431 2098 lubrica
457 2058 495 2098 ert
521 1977 597 2098 sacili
625 2038 805 2111 hauriretur,
831 2057 904 2120 quo·

216 2120 299 2183 niam
316 2120 393 2180 sitim
412 2133 540 2191 arceret,
553 2120 692 2201 quoniam
709 2121 740 2179 in
756 2117 825 2180 alvo
841 2137 903 2179 nou

218 2198 445 2275 intumesceret,
465 2202 606 2283 quoniam
619 2198 703 2261 facile
716 2199 903 2272 redderetur,

220 2283 256 2347 &
277 2278 465 2343 adsuetisbic
477 2280 555 2341 solus
566 2280 648 2340 cibus
663 2282 693 2341 in
708 2278 784 2341 febri
800 2281 844 2340 bis
853 2279 903 2340 die

219 2365 314 2448 possit
331 2363 409 2426 dari:
428 2362 539 2422 tanturn
557 2377 686 2422 remotus
700 2360 738 2422 ab
753 2359 832 2433 illis,
851 2361 903 2441 qui

135 2510 138 2515 ,
218 2445 398 2507 medicinam
426 2442 503 2504 same
533 2460 679 2505 exercent·
706 2439 904 2503 Sorbitionent

221 2543 321 2587 tamen
338 2525 399 2586 dari
419 2541 512 2586 totam
539 2523 655 2597 vetuit,
680 2521 796 2583 aliudve
816 2519 904 2603 quim

220 2605 339 2669 succum
363 2604 489 2689 ptisanae.
513 2603 589 2666 lteru
607 2603 745 2686 quamdiu
755 2602 845 2686 pedes
855 2600 906 2663 sri-

216 2688 284 2826 {idi
306 2684 413 2760 essent,
440 2704 510 2748 tunc
539 2684 659 2767 quidem
676 2704 732 2746 nec
753 2685 905 2766 potionem

246 2768 359 2830 andam.
372 2767 418 2829 Fit
439 2768 473 2830 δι
496 2787 531 2828 ex
552 2767 648 2827 tritico
662 2765 846 2850 glutinosior,
860 2783 905 2828 ar·

223 2846 362 2933 teriaeque
373 2848 545 2913 exulcerare
559 2847 669 2915 utilior·
