1967 3600
56 750 60 759 Ι
125 644 130 673 ²
225 657 294 723 lius.

231 320 280 397 30
330 299 366 371 C.
387 298 565 367 Patun
599 297 794 368 Naana.

228 408 684 502 magnisseminum‘intervallis:
700 415 776 476 inula
793 435 832 476 ne
857 417 928 478 mla

230 502 285 563 nus
302 498 389 585 quam
406 514 553 557 ternorum
566 497 689 578 pedum,
702 498 839 578 quoniam
853 497 927 579 spa-

230 581 307 642 tiusle
328 578 451 640 fruticat·
475 574 549 638 Siser
567 596 664 638 autem
678 576 836 639 <transferre
853 600 927 650 me·

222 804 225 810 ,
271 737 369 800 ΧΧΧ.
398 734 533 799 Proxima
550 739 593 798 his
614 737 655 798 est
676 738 833 800 bulborum
864 760 926 801 na-

224 838 314 893 tura,
332 840 405 902 quos
430 818 506 881 Cato
528 822 557 878 in
576 821 675 900 primis
690 819 825 879 serendos
837 842 925 902 ptae·

229 903 327 981 cepit,
346 900 493 961 celebrans
519 900 693 981 Megaricos.
714 898 827 960 Verum
857 922 924 960 no-

193 1022 195 1026 =
230 980 368 1043 bilissima
388 980 429 1042 est
444 981 536 1054 scilla,
550 1001 722 1061 quamquam
740 982 924 1042 medicami-

231 1064 354 1136 ainata,
364 1081 506 1145 acetoque
517 1062 692 1135 exacuendo.
708 1060 736 1120 N
739 1082 771 1121 ec
785 1060 837 1120 ulli
851 1084 924 1131 am·

226 1142 344 1225 plitudo
354 1142 465 1222 major,
480 1144 552 1204 sicut
564 1162 617 1201 nec
627 1145 673 1202 vis
686 1140 823 1221 asperior.
838 1141 923 1212 Duo

230 1243 339 1306 genera
353 1224 465 1284 medica
478 1244 485 1283 ε
500 1221 663 1287 ιιιειίειιίιιιῐι,
676 1222 747 1289 albis
765 1221 859 1292 foliis,
871 1222 921 1287 fe-

230 1305 311 1385 mina
332 1306 427 1400 nigris.
443 1304 480 1379 Et
489 1307 606 1378 tertium
616 1323 705 1385 genus
717 1301 757 1365 est
767 1302 836 1362 cibis
848 1325 922 1386 gra·

227 1385 295 1445 'tum
306 1407 313 1446 ε
326 1386 552 1466 epimenidiutn,
568 1402 689 1446 vocatur
704 1382 846 1466 angustius
865 1384 919 1448 fu·

233 1467 297 1539 lio,
317 1486 350 1525 ac
369 1468 462 1543 minus
481 1464 592 1546 aspero.
611 1461 734 1524 Seminis
754 1464 922 1545 plurimum

235 1546 379 1606 omnibus.
400 1543 532 1606 Celerius
549 1562 647 1605 tamen
695 1546 849 1617 toveniunt
871 1544 920 1607 sa-

226 1637 270 1695 tae
287 1625 380 1687 bulbis
391 1627 466 1687 cirea
477 1626 567 1686 latera
579 1627 663 1686 natis.
704 1624 919 1700 tutcrescant,

227 1704 302 1773 ‚folia
328 1726 392 1788 quae
422 1705 486 1768 sunt
501 1705 545 1765 his
562 1706 675 1787 ampla,
693 1705 805 1765 deflexa
836 1706 920 1776 circi

224 1785 412 1858 ,obruunturz
428 1786 472 1848 lta
488 1784 604 1848 succum
622 1806 740 1848 omnem
759 1787 789 1846 in
805 1785 834 1848 se
852 1804 918 1854 tra,-

230 1868 304 1928 hunt
319 1889 352 1928 ca
373 1870 422 1930 ita.
445 1866 555 1949 Sponte
576 1865 724 1928 nascuntur
744 1870 917 1949 copiosissi-

225 1948 282 2007 un&
299 1947 329 2006 in
346 1889 512 2010 Xalearibus
521 1947 675 2029 Ebusoque
685 1947 797 2024 insulis,
811 1969 844 2008 ac
858 1969 918 2029 pet

226 2027 391 2108 Hispanias.
412 2026 513 2088 Unum
535 2029 572 2092 de
590 2030 624 2088 iis
641 2028 781 2089 volumen
808 2030 917 2092 condi-

232 2109 276 2169 dit
293 2109 471 2190 Pythagoras
482 2106 686 2189 philosophus,
702 2108 841 2191 colligens
850 2131 916 2172 nae·
935 2139 939 2146 ·

231 2190 312 2254 dicas
332 2191 427 2264 vires,
452 2210 524 2271 quas
549 2191 681 2271 proximo
701 2190 857 2251 reddemus
881 2190 916 2252 li-

231 2270 296 2331 bro.
317 2268 441 2351 Reliqua
468 2271 623 2332 bulborum
649 2290 755 2353 genera
776 2268 917 2334 differunt
938 2307 940 2311 ·

178 2423 183 2431 ,
233 2350 354 2422 colore,
374 2351 590 2432 magnitudine,
615 2347 763 2413 suavitate.
787 2350 916 2433 Quippe

231 2435 302 2498 ,clun
312 2431 428 2512 quidam
440 2431 520 2492 crudi
531 2431 718 2507 mandantur·,
734 2432 803 2492 utin
814 2429 914 2493 Cher-

232 2512 336 2573 roneso
355 2511 488 2575 Taurici.
517 2511 583 2573 Post
604 2512 658 2572 hos
678 2514 708 2571 in
729 2511 830 2573 Africa
852 2515 916 2575 nati

175 2610 176 2614 ’
231 2593 357 2653 maxima
386 2594 556 2669 laudantur,
575 2613 646 2654 mox
673 2591 773 2673 Apuli.
793 2592 915 2655 Genera

230 2669 330 2739 ,Graeci
349 2671 410 2733 haec
427 2672 544 2733 fecere:
566 2673 729 2747 Bulbinen,
756 2671 914 2750 setanion,

230 2751 385 2833 pythion,
410 2752 599 2825 actaeonem
629 2753 769 2835 aegilopa,
788 2752 913 2835 sisyrin·

231 2831 329 2897 chion.
350 2830 385 2904 ln
410 2832 468 2897 hoc
487 2834 592 2895 mirum
619 2833 690 2896 imas
711 2830 775 2917 ejus
798 2834 914 2908 radiata
