1967 3600
230 271 276 346 34
326 247 362 318 G,
387 247 564 318 Ptrnrr
588 251 773 320 Naeva.

229 369 391 451 rumpitur:
406 367 484 450 Ergo
506 369 640 428 omnibus
659 371 739 429 annis
755 367 927 450 separatim

230 449 331 511 semen
358 457 436 530 cepae
455 450 540 507 causal
561 446 675 522 seritur,
692 448 850 530 separatim
869 474 927 514 ce.

230 553 277 614 pae
291 529 410 593 seminis.
436 525 592 595 Servantur
620 547 717 589 autem
740 531 861 610 optime
888 535 927 595 in

229 611 328 693 paleis.
347 608 501 688 Gethyum
522 629 604 689 paene
617 612 678 671 sine
688 610 838 692 capiteest
854 632 925 675 cer·

227 695 300 755 vicis
309 691 421 756 tantl'rtn
431 690 545 772 longe,
561 691 593 752 δι
608 690 676 751 ideo
687 693 823 752 totumin
832 692 923 754 fron·

228 765 650 851 dezsaepiusqueresecarur‚ut
678 772 922 837 orrumldeo&

227 851 299 912 illud
308 851 414 923 serunt,
422 870 481 913 non
489 793 801 932 deponuntgetetbce
827 873 923 917 aster

227 929 302 1007 sollu
313 929 566 1010 soloserijubent,
583 930 742 1013 exstirpatis
762 954 793 993 ra
816 935 921 995 itibus

205 1082 209 1087 ¹
226 1012 381 1074 herbarum
387 1057 398 1084 ‚
408 1015 437 1073 in
447 1011 547 1094 jugera
558 1014 646 1073 denas
661 1013 754 1074 libras.
765 1012 923 1075 Intermis-

224 1094 288 1158 ceri
302 1091 451 1155 satureiam
466 1095 602 1175 quoniam
622 1095 725 1155 meliirs
742 1098 920 1175 proveniat.
973 1106 977 1112 ’

225 1173 354 1237 Runcari
375 1191 529 1255 praeterea,
545 1177 577 1236 &
597 1172 707 1248 sarriri,
724 1176 747 1234 si
770 1196 833 1236 non
860 1175 917 1236 sae·

131 1280 136 1289 ⁴
225 1256 308 1402 pius,
325 1272 435 1337 quater.
451 1253 635 1319 Ascaloniam
646 1253 742 1316 mense
750 1254 919 1317 Februario

243 1352 325 1396 erunt
345 1333 457 1401 nostri,
471 1333 576 1396 Semen
594 1355 730 1418 ceparum
747 1336 918 1418 nigrescere

227 1419 284 1478 inci
306 1419 388 1490 iens,
408 1433 473 1475 ante
496 1437 560 1476 uam
578 1415 747 1487 marcescat,
762 1434 893 1478 metunt.

298 1494 409 1560 xxlll.
428 1437 518 1556 Etde
535 1516 624 1577 porro
641 1498 671 1556 in
687 1497 741 1558 hac
754 1502 914 1578 cognatim

227 1597 266 1648 ne
284 1578 341 1637 dici
355 1576 529 1647 conveniat,
549 1576 705 1657 prasertim
715 1579 782 1637 cim
797 1577 914 1641 sedive>

224 1678 319 1740 nuper
329 1655 524 1721 ausloritatem
536 1657 650 1717 dederit
659 1660 792 1739 princeps
802 1657 888 1720 Nero
896 1705 911 1732 ,

220 1741 310 1803 ,uocis
322 1738 425 1821 gratia,
447 1758 484 1798 ex
504 1738 572 1798 oleo
591 1736 670 1798 statis
686 1739 829 1800 mensium
842 1762 911 1803 om·

161 1849 162 1853 ¹
224 1822 307 1882 nium
329 1820 448 1888 diebus,
464 1820 533 1879 nihil
553 1839 589 1880 ue
614 1820 706 1894 aliud,
725 1842 757 1881 ac
776 1841 813 1882 ne
828 1842 910 1902 pane

225 1900 344 1983 quidem
362 1899 517 1960 vescendo.
533 1841 642 1961 geritur
654 1900 759 1961 semine
770 1902 805 1962 ab
816 1905 909 1984 aequi·

224 1978 323 2044 nodio
334 1984 489 2040 autumno:
505 1982 528 2040 si
547 1979 683 2042 sediivutn
695 1980 788 2042 facere
803 1982 907 2057 libuit,

187 2116 189 2122 .
224 2060 353 2134 densius.
365 2058 398 2121 ln
411 2060 514 2123 eadem
524 2062 589 2122 ared
600 2060 728 2135 secatur,
742 2064 835 2123 donec
851 2064 907 2125 de·

225 2141 326 2216 ficiat,
342 2140 569 2225 stercoraturque
593 2139 714 2224 semper.
732 2141 762 2203 Si
781 2146 906 2205 nutritur

224 2225 256 2284 in
275 2224 387 2304 capita,
407 2240 560 2306 antequam
578 2219 710 2298 secetur,
727 2225 793 2283 cum
812 2226 906 2286 incre·

225 2305 285 2374 vit,
307 2306 335 2364 in
352 2303 436 2365 aliam
456 2323 551 2366 aream
577 2302 767 2374 transfertur,
784 2303 906 2367 summis

221 2384 301 2447 soliis
312 2385 414 2454 leviter
425 2385 527 2444 recisis
541 2400 606 2446 ante
620 2385 777 2445 medullam
790 2408 799 2446 ι
812 2388 904 2447 &ca-

223 2468 331 2548 pitibus
343 2463 489 2538 tetradis,
507 2464 647 2526 tunicisve
669 2467 815 2532 extretnis.
832 2465 903 2526 An·

125 2607 126 2611 ,
214 2548 299 2629 tiqui
320 2547 467 2611 silicevel
487 2545 584 2628 teguli
605 2543 728 2623 subjetra
745 2548 839 2627 capita
855 2548 904 2607 di-

219 2625 365 2696 latabant:
383 2626 453 2687 Hoc
470 2628 542 2687 item
558 2630 587 2688 in
602 2627 706 2688 bulbis.
734 2625 820 2688 Nunc
840 2624 902 2688 sar·

222 2705 291 2766 culo
310 2708 414 2769 leviter
436 2706 635 2768 convelluntur
651 2707 781 2780 radices,
801 2723 834 2767 ut
851 2709 902 2768 de·

215 2785 357 2851 tumbata
371 2789 463 2865 alant,
477 2807 574 2871 neque
585 2784 748 2869 distraham.
765 2787 905 2872 Insigue2'
