1967 3600
218 311 291 390 230
341 289 377 362 C.
403 292 582 363 Parnrr
609 232 801 362 ΝΛΜ.

218 414 327 483 ambo,
347 414 401 473 niti
412 411 519 493 spinosi
538 407 645 471 essent:
660 412 742 470 caule
762 409 906 485 cubitall,'

222 492 379 577 anguloso,
391 496 464 553 intus
481 512 576 559 cavo,
599 490 649 551 sed
663 493 712 571 qui
727 490 835 551 stacius
853 514 908 553 co·

219 574 304 658 pioso
322 573 392 634 lade
409 588 518 633 manet.
535 570 651 644 Albus,
669 574 748 653 quie
765 571 842 633 lade
863 577 908 634 ni·

219 674 284 730 tor,
304 654 379 715 utilis
391 652 591 733 orthopnoicis
598 650 773 712 -laclucarum
783 653 883 714 modo
895 698 906 728 ,

220 753 257 798 ex
277 734 476 795 embammate.
503 730 686 793 Erasistratus
701 733 830 795 calculos
852 754 908 815 per

219 818 330 878 urinam
348 815 418 895 pelli
435 833 474 874 eo
491 811 649 888 monstrat,
662 814 698 874 .&
708 816 908 896 orisgraveo·

218 898 339 958 lentiam
365 896 608 956 commanducato
636 896 752 976 corrigi.
792 892 906 956 Soccus

218 979 314 1037 trium
330 977 506 1057 cyathorum
526 972 675 1047 mensura,
689 976 720 1034 in
737 976 810 1035 vino
834 977 906 1037 albo

217 1058 252 1119 &
271 1058 341 1118 oleo
360 1054 529 1129 calefaslum
547 1053 665 1135 adjuvat
682 1072 799 1137 partus,
813 1058 857 1115 ita
872 1073 906 1117 ut

99 1135 102 1140 ⁴
218 1157 238 1199 a
261 1155 344 1219 partu
374 1136 521 1198 ambulent
540 1136 676 1218 gravidae.
705 1135 857 1198 Datur&
874 1140 905 1197 in

219 1218 386 1280 sorbitione.
411 1216 476 1298 lpse
496 1216 584 1277 caulis
607 1214 744 1277 decodus
772 1214 843 1277 facit
864 1217 906 1278 la·

220 1298 273 1359 &is
295 1300 496 1360 abundantiam
514 1296 689 1368 nutricibus,
710 1296 906 1381 coloremque

219 1381 374 1441 meliorem
394 1379 741 1440 infamiumtutilissimus-
755 1378 819 1450 his,
859 1400 904 1439 uae

219 1461 265 1522 lac
284 1461 337 1521 sibi
363 1462 440 1522 coire
458 1458 588 1521 sentiant.
614 1456 765 1518 Instillatur
785 1462 848 1519 auri
871 1479 904 1520 us

219 1540 341 1616 succus,
361 1539 523 1623 calidusque
552 1542 583 1600 in
612 1537 768 1622 stranguria
793 1540 904 1600 bibitur

220 1623 319 1702 cyathi
340 1621 491 1696 mensuri,
511 1621 543 1682 &
562 1622 593 1679 in
611 1618 753 1681 stomachi
776 1622 904 1681 rosioni·

219 1702 275 1763 bus
295 1722 362 1763 cum
374 1700 481 1763 semine
497 1702 673 1773 cucumeris,
684 1699 850 1782 nucleisque
882 1701 905 1761 i·

218 1786 292 1845 ueir.
318 1782 441 1844 lllinitur
459 1783 492 1846 bt
513 1779 586 1843 sedis
604 1779 833 1843 colleclionibua.
851 1722 905 1844 di-

168 1906 170 1911 -
219 1865 298 1924 bitur
316 1882 417 1925 contra
437 1863 583 1944 serpentes
601 1860 826 1945 scorpionesque
839 1886 846 1923 z
858 1883 905 1923 ra.-
960 1870 962 1875 '

219 1945 269 2002 dix
285 1945 361 2004 verb
379 1945 508 2005 illinitur.
524 1943 635 2004 Eadem
647 1943 804 2004 decollain
814 1944 904 2019 oleo,

217 2020 317 2084 Punici
334 2025 401 2084 mali
423 2024 542 2105 calyce,
561 2028 674 2086 aurium
695 2025 804 2085 morbis
823 2045 904 2106 prae-

219 2104 326 2165 sidium
344 2102 394 2166 est.
413 2104 486 2165 Haec
507 2107 606 2168 omnia
625 2126 663 2166 ex
684 2107 766 2166 albo.¹
780 2102 904 2166 Cleem-

218 2205 308 2268 porus
327 2187 356 2245 ni
377 2206 410 2247 ro
429 2187 566 2265 prohibet
581 2185 720 2259 vesci,ut
732 2185 904 2247 morbossae

219 2267 315 2327 ciente
324 2294 337 2338 ,·
352 2206 390 2326 de
410 2267 478 2327 albo
501 2265 693 2328 consentiens.
723 2265 902 2349 Agathocles

219 2349 309 2410 etiam
329 2361 431 2409 contra
447 2347 613 2488 sanquinem
635 2349 709 2408 tauri
727 2344 904 2408 demonſtrat

219 2428 336 2491 succum
358 2426 430 2510 ejus.
447 2427 492 2489 Re
520 2431 817 2511 igeratoriamramen
838 2429 901 2488 vim

219 2509 276 2572 esse
289 2512 432 2572 convenit
452 2512 559 2592 nigro,
578 2512 611 2572 &
635 2510 688 2570 hac
706 2510 794 2570 causd
808 2510 904 2591 impo-

219 2593 349 2652 nendum
365 2612 432 2652 cum
449 2591 578 2674 polenta.
601 2590 705 2652 Zenon
725 2590 823 2652 radice
842 2586 903 2650 elbl

218 2669 294 2735 stram
314 2673 404 2733 uriam
420 2672 510 2732 docet
531 2670 636 2735 sanari.-

313 2752 355 2814 V.
378 2751 556 2814 Condrillon
576 2755 639 2813 sive
653 2750 814 2823 condrille,
829 2747 905 2810 folio

219 2826 306 2891 habet
321 2833 430 2909 intubi,
445 2835 628 2898 circumrosis
646 2831 769 2907 similia,
787 2831 900 2896 caulem
