1967 3600
246 268 295 345 90
346 245 382 314 C.
407 245 585 313 Paruit
611 240 804 311 Natura.
905 292 917 330 ,

145 342 148 347 i
245 349 525 429 medicamentorum
542 361 691 420 introitum
709 358 825 441 pellere
841 359 949 423 tradit:

288 446 351 508 XL.
363 443 501 504 Ceterum
510 441 591 502 bulbi
600 461 637 501 ex
646 458 731 501 aceto
742 441 772 500 δι
787 438 840 500 sul
866 442 946 501 hure

247 527 413 591 vulneribus
437 526 466 582 in
484 521 560 583 facie
577 521 741 582 medentur.
759 517 823 580 Per
840 462 875 582 fe
887 543 946 584 ve·

248 612 283 670 rb
300 608 358 667 triti
374 624 534 665 nervorum
552 600 737 664 conrrailioni
747 645 758 673 ,
775 601 814 662 &
837 622 879 662 ex
898 604 946 661 vi·

248 709 288 748 no
306 686 460 769 porrigini:
480 704 548 744 cum
566 685 675 756 melle,
696 702 802 742 canum
831 685 946 742 morsi·

247 769 320 829 bus:
339 763 506 827 Erasistrato
517 764 611 846 placet
630 783 697 824 cum
714 765 792 845 pice.
814 760 943 846 Sangui·

246 868 315 908 nem
331 848 409 907 idem
434 866 486 907 eos
512 844 611 906 sistere
635 845 724 905 tradit
746 843 842 904 illitos
869 864 943 903 cum

245 928 344 989 melle.
365 927 425 991 Alii
443 930 466 987 si
484 947 501 987 e
519 925 634 986 naribus
643 926 731 998 fluat,
743 925 939 986 coriandrum

165 1037 167 1041 ¹
247 1010 282 1069 δι
300 1007 420 1068 farinam
438 1006 586 1088 adjiciunt.
597 1006 774 1067 Theodorus
792 1007 830 1068 δι
846 1005 941 1065 licite·

245 1110 298 1150 nas
316 1111 353 1150 ex
371 1106 455 1149 aceto
479 1088 576 1148 bulbis
595 1104 695 1147 curat:
715 1087 747 1148 &
770 1106 940 1167 erumpen-

248 1172 288 1229 tia
306 1171 336 1229 in
351 1171 463 1251 capite,
479 1189 547 1228 cum
567 1170 638 1229 vino
656 1166 767 1228 austero
791 1185 846 1228 aut
863 1188 935 1228 ovo.

249 1249 288 1312 Et
316 1250 421 1311 bulbos
445 1251 594 1333 epiphoris
612 1248 692 1309 idem
711 1248 822 1323 illinit,
839 1248 873 1308 δι
896 1250 937 1307 sic

241 1332 415 1414 lippitudini
438 1333 584 1392 medetur.
599 1329 694 1411 AEqui
711 1330 861 1410 vitiaquae
872 1326 935 1387 sunt

249 1415 279 1473 in
296 1412 387 1485 facie,
399 1432 501 1472 eorum
520 1412 654 1471 rubentes
673 1410 819 1482 maximi,
832 1412 865 1469 in
878 1406 934 1467 So-

249 1494 278 1554 le
292 1493 354 1553 illiti
371 1513 438 1552 curn
454 1491 542 1552 melle
552 1493 584 1553 &
593 1494 671 1551 nitro
683 1490 862 1551 emendant:
875 1490 936 1549 len-

250 1574 371 1655 tiginem
386 1593 452 1633 cum
460 1574 533 1633 vino
541 1616 551 1644 ‚
563 1589 612 1633 aut
621 1573 735 1633 cucumi
750 1570 849 1632 cotto.
863 1569 933 1630 Vul-

248 1653 365 1714 neribus
387 1673 504 1735 quoque
524 1653 597 1712 miri
614 1651 730 1734 prosunt
741 1673 794 1734 per
804 1651 853 1725 sc,
866 1667 941 1718 aut,

248 1751 282 1795 ut
304 1732 453 1808 Damion,
472 1754 507 1794 ex
524 1731 637 1809 mulso,
655 1735 678 1793 si
693 1736 795 1817 quinto
815 1734 865 1794 die
879 1731 932 1792 sol·

247 1819 362 1878 vantur.
378 1814 481 1876 Iisdem
505 1816 538 1875 &
556 1816 693 1877 auriculas
710 1814 812 1875 fraclas
837 1831 929 1883 curat,

246 1896 414 1957 &testium
431 1896 556 1977 pituitas.
576 1894 610 1956 In
637 1896 824 1957 articulorum
845 1894 932 1955 dolo·

245 1974 328 2036 ribus
350 1974 622 2037 miscent‘farinam.
649 1976 684 2038 ln
705 1979 776 2037 vino
801 1976 878 2038 coffi
898 1971 929 2033 it*-

248 2056 290 2116 liti
311 2058 428 2128 ventri,
447 2057 581 2117 duritiam
598 2058 826 2138 praecordiorum
841 2054 930 2118 emol·

248 2137 331 2198 liunt.
351 2134 553 2218 Dysentericis
578 2139 608 2197 in
627 2141 698 2201 vino
720 2160 757 2200 ex
775 2141 854 2221 aqui
873 2157 928 2196 car·

248 2216 312 2279 lesti
327 2234 490 2298 temperato
521 2219 632 2279 dantur.
653 2220 704 2280 Ad
727 2219 867 2282 convulsa
889 2219 928 2276 in·

246 2314 312 2371 tus,
329 2318 398 2358 cum
418 2299 525 2381 silphio
548 2299 644 2381 pilulis
659 2301 733 2362 fabae
753 2297 928 2383 magnitudi-

249 2400 297 2441 ne.
317 2379 365 2440 Ad
375 2378 510 2439 sudorem
522 2382 579 2440 tusi
586 2379 742 2445 illinuntur.
753 2382 864 2443 Nervis
873 2379 928 2439 uti·

249 2462 291 2523 les
300 2484 307 2522 :
318 2461 385 2523 ideo
395 2461 597 2543 &paralyticis
606 2462 716 2523 dantur.
727 2464 836 2524 Luxata
841 2465 871 2522 in
879 2479 928 2542 pe·

250 2540 335 2602 dibus
344 2586 354 2615 ,
362 2545 411 2624 qui
421 2541 484 2603 sunt
497 2537 552 2603 rufi
561 2563 597 2604 err
609 2544 653 2603 his
663 2589 673 2618 ,
685 2544 821 2606 citissimi
834 2542 926 2604 sanant
976 2613 977 2616 p

248 2643 316 2682 cum
332 2623 418 2684 melle
439 2624 472 2682 δι
490 2624 557 2685 sale.
574 2624 721 2686 Venerem
733 2620 925 2685 marimiMe·
976 2653 977 2656 κ

270 2703 336 2761 arici
357 2700 526 2763 stimulant:
550 2704 709 2778 hortensii,
747 2722 841 2766 artum
863 2718 924 2763 curn
976 2695 977 2778 l

277 2781 315 2862 pt
334 2800 383 2844 aut
407 2781 487 2866 pallo
503 2782 625 2867 sumpti:
644 2727 806 2864 silvetires,
826 2787 924 2846 intera·
