1967 3600
176 293 400 366 Hieron.
420 292 495 366 Lib.
516 291 648 367 XXIII.
698 317 765 392 303

141 411 269 475 Ixxlv.
286 410 316 474 8.
331 410 431 473 Nuces
449 410 560 494 pinea,
573 433 636 494 quae
646 414 769 475 resinam

102 491 219 567 babent,
233 491 358 554 contusae
379 492 506 566 leviter,
522 493 627 553 additis
637 496 667 553 in
675 497 772 577 singu·

109 573 145 635 las
161 574 283 635 sextariis
301 593 382 655 aquae
398 573 439 633 vad
458 572 610 634 dimidium
625 573 771 653 decosiae,

106 651 234 736 sanguinis
240 653 428 715 exscreationi
438 654 604 726 medentur,
615 655 655 714 ita
663 670 695 715 ut
706 675 776 736 cya-

94 733 145 795 -thi
158 735 214 794 bini
232 733 366 794 bibantur
388 754 424 795 ex
452 754 500 796 eo.
524 731 651 796 corticis
669 754 686 796 e
703 737 774 816 pinu

94 815 135 874 -in
149 817 214 875 vino
240 813 393 875 decoctum
418 831 518 876 contra
534 816 658 876 tormina
679 814 775 876 datur.

93 892 199 956 Nuclei
213 896 293 956 nucis
312 897 405 976 pineae
425 898 504 955 sitim
524 893 638 968 sedant,
655 895 689 957 &
703 898 775 955 acri·

96 977 223 1036 >moniam
244 974 383 1037 stomachi
402 974 535 1036 rosiones
550 997 603 1050 ue,
617 977 649 1036 &
661 992 776 1036 contra·

91 1056 158 1117 -rios
174 1056 307 1117 humores
329 1055 516 1117 consistentes
533 1058 542 1114 i
564 1057 590 1117 i:
606 1056 639 1117 &
654 1054 775 1117 infirmi·

102 1153 186 1197 tatem
203 1138 309 1197 virium
324 1136 480 1209 roborant,
496 1137 625 1207 renibus,
647 1138 679 1198 δι
694 1138 774 1197 vesi·

103 1238 142 1277 cae
161 1217 253 1279 utiles.
270 1215 379 1277 Fauces
396 1217 531 1278 videntur
547 1214 728 1296 exasperare,
739 1217 774 1278 δι

102 1300 206 1358 tussim.
228 1295 319 1357 Bilem
346 1297 455 1379 pellunt
477 1298 541 1379 poti
564 1317 600 1356 ex
621 1317 637 1356 a
657 1297 711 1367 ui,
726 1313 775 1356 atat

89 1380 185 1451 ¹vino,
201 1395 250 1438 aut
270 1376 365 1457 passo,
385 1394 434 1440 aut
452 1377 622 1438 balanorum
638 1318 795 1437 secosto..

96 1457 237 1539 *Miscetur
256 1457 300 1517 his
319 1474 418 1519 contra
426 1458 661 1519 vehementiores
670 1455 777 1519 stoma·

93 1541 146 1600 chi
164 1540 293 1599 rosiones
310 1540 467 1600 cucumeris
485 1537 605 1610 semen,
627 1538 660 1600 δι
676 1537 777 1598 succus

100 1619 258 1700 porcilacae.
286 1616 414 1695 Iternad
435 1622 540 1680 vesicae
561 1618 656 1679 ulcera
676 1619 709 1681 ἃ
727 1635 779 1679 re·

100 1721 168 1773 nes,
207 1699 323 1760 uoniam
340 1703 372 1762 δι
388 1702 500 1760 urInanr
519 1701 606 1760 cient.

222 1778 260 1841 V.
272 1778 448 1863 Amygdalae
464 1800 567 1841 amarae
584 1779 709 1843 radicum
724 1777 777 1841 de·

99 1862 213 1924 cosium
230 1878 327 1922 cutem
345 1864 374 1922 in
391 1860 464 1923 facie
481 1863 617 1943 corrigit,
633 1862 778 1922 colorent·

88 1981 93 1988 ·
140 1965 157 2004 e
173 1943 337 2002 hilariorem
357 1940 434 2004 facit.
448 1942 547 2003 Nuces
559 1941 626 2024 ipsae
643 1941 777 2003 somnum

99 1965 224 2096 ssbiunt,
238 2022 269 2083 &
281 2022 457 2085 aviditatem.
478 2023 600 2085 Urinam
619 2024 651 2085 δι
664 2020 778 2084 menses

100 2107 186 2166 cient.
208 2100 319 2243 Capitis
338 2102 438 2164 dolori
452 2103 621 2176 illinuntur,
639 2101 779 2164 maxime·

17 2189 21 2212 ’
99 2207 155 2325 ‘¹¹¹5
163 2182 361 2325 sisinii}
376 2184 633 2325 sitiise‘iss’i‘
650 2183 781 2324 IIII.

86 2287 197 2419 isuram,
213 2364 280 2403 cum
298 2285 399 2425 smylo
418 2346 450 2408 δι
470 2310 575 2406 menti.
586 2281 780 2422 Legtbargicis,

85 2427 133 2488 ·&
150 2423 342 2487 comitialibus
366 2424 493 2508 prosunt.
519 2424 625 2504 Capite
641 2417 781 2503 peruniio

99 2504 280 2588 epinyctidas
298 2502 413 2566 sanant:
433 2525 450 2564 e
471 2504 542 2564 vino
559 2518 659 2562 vetere
684 2500 782 2559 ulcera

120 2584 302 2649 utrescentia.
323 2582 438 2646 Canum
460 2581 570 2644 morsus
595 2602 661 2641 cunt
680 2579 783 2641 messe.

98 2607 136 2728 sit
156 2664 282 2727 furfures
302 2684 337 2724 ex
357 2664 450 2738 facie,
471 2664 538 2724 ante
555 2661 618 2723 fotu
639 2677 781 2743 prepara·

85 2747 139 2808 ni.
147 2743 365 2824 Itemjocineris
375 2748 517 2810 &renunt
525 2743 641 2805 dolores
659 2763 694 2803 ex
708 2740 781 2823 aqui

58 2831 60 2836 '
99 2844 205 2909 potae:
230 2824 357 2908 &stpe
376 2843 412 2892 ex
429 2827 581 2909 ecligmate
601 2844 669 2926 cum
685 2821 780 2890 resina
