1967 3600
215 242 284 322 ¹54
335 222 371 292 C.
399 220 580 291 Pmm
602 221 797 291 Naana.

207 343 255 403 fae·
269 336 411 414 cubaret,
427 339 518 400 herba
532 334 627 400 vetius
640 338 726 421 quam
738 340 817 416 flos,
830 338 909 403 den-³

190 423 241 484 'su
256 423 349 485 veluti
369 443 454 482 manu
471 418 574 501 preffa,
590 420 776 501 breviterque
796 422 909 502 cespes

208 504 252 566 sui
269 504 392 588 generis.
411 500 557 561 Pannonia
576 500 649 560 hanc
669 503 760 583 gignit
780 503 818 563 &
839 503 907 565 No·

209 586 280 660 rici,
296 584 474 664 Alpiumque
492 584 609 663 aprica:
629 579 762 657 urbium,
788 582 907 666 Epore-

210 668 280 728 dia:
297 680 382 726 tantae
391 663 553 736 suavitatis,
563 678 596 722 ut
608 660 755 724 metalium
766 662 830 724 effe
842 687 906 725 coe·

210 749 295 831 perit.
310 742 445 805 Vestibus
462 745 536 804 inter
558 745 609 803 oni
617 763 683 803 eam
692 747 903 827 gratissimum.

221 849 225 856 ·
251 823 334 887 xxl.
353 821 400 885 Sic
415 826 449 887 &
467 846 484 884 a
505 846 525 883 u
564 822 685 886 Graecos
704 825 810 906 polion
832 828 904 887 her-

208 906 458 986 bamsinclytam
520 905 585 966 usaei
603 907 636 966 ὃ(
654 900 783 968 Hesiodi
809 906 906 968 laudi-

208 987 280 1059 bus,
290 987 327 1047 ad
338 988 435 1047 omnia
445 986 769 1068 utilempraedicantium
778 1031 790 1060 ,
800 987 904 1070 super⁴

210 1089 269 1151 que
280 1085 376 1128 cetera
388 1068 425 1127 ad
443 1066 550 1128 famam
567 1069 653 1127 etiam
672 1089 705 1128 ac
725 1069 901 1151 dignitates,

179 1188 184 1195 ι
210 1148 524 1232 prorsusque'mitam,
545 1149 569 1208 si
586 1148 677 1209 modi)
698 1148 751 1232 (ut
760 1149 902 1232 tradunt)

183 1255 195 1269 ⁹
211 1229 284 1291 folia
300 1228 362 1307 eius
382 1247 466 1290 mane
488 1229 625 1300 candida,
650 1230 772 1291 meridie
788 1252 902 1313 purpu-

210 1331 261 1373 rea
270 1356 281 1384 ,
301 1309 370 1372 Sole
391 1310 544 1372 occi-dente
574 1311 696 1372 caerulea
715 1309 900 1392 aspiciuntur.

211 1390 286 1453 Duo
307 1412 410 1474 genera
429 1389 509 1471 ejus:
529 1390 711 1471 campestre,
731 1391 839 1473 majus:
854 1393 900 1452 sil·

211 1472 309 1533 vestre
320 1481 336 1547 ‚'
347 1472 427 1613 quod
439 1474 534 1532 minus
546 1469 598 1533 est.
608 1470 737 1551 Quidam
747 1475 896 1535 teuthrion

115 1580 117 1584 ³
212 1571 331 1615 vocant.
371 1554 429 1613 olia
449 1555 526 1613 canis
545 1552 671 1613 hominis
682 1555 805 1627 similia,
824 1575 897 1615 ara·

212 1634 286 1696 dice,
314 1636 437 1705 rotinus,
456 1655 613 1714 numquam
629 1634 728 1715 palmo
744 1636 857 1696 altiora.
887 1647 890 1653 ’

252 1656 349 1777 xiim
369 1715 397 1776 8.
416 1714 454 1775 Et
472 1714 510 1775 de
527 1716 655 1775 odoratis
684 1716 806 1778 floribus
834 1715 896 1775 satis

106 1829 114 1837 -
209 1794 322 1857 ditium
335 1820 342 1857 ε
355 1797 386 1855 in
411 1794 515 1877 quibus
535 1815 684 1879 unguento
700 1797 799 1860 viciffe
814 1816 898 1858 natu·

213 1896 278 1936 ram
289 1877 416 1957 gaudens
424 1877 552 1949 luxuria,
565 1876 692 1940 vestibus
701 1899 823 1961 quoque
836 1897 898 1961 pro·

216 1958 338 2018 vocavit
352 1977 403 2017 eos
419 1956 507 2017 flores
521 1960 571 2039 qui
584 1958 685 2020 colore
695 1960 901 2021 commendan-

216 2052 273 2097 tur.
292 2036 358 2098 Hos
376 2038 577 2099 animadverto
598 2056 656 2101 tres
675 2039 730 2102 effe
750 2044 897 2123 principa·

212 2117 269 2178 les.
290 2116 457 2180 Rubentem
469 2165 478 2194 ,
497 2120 527 2179 in
549 2142 640 2181 cocco
651 2166 661 2196 ‚
673 2126 723 2203 qui
734 2142 750 2180 a
760 2124 835 2183 rosis
844 2121 900 2179 mi·

212 2214 313 2282 grante
334 2200 440 2281 gratia,
460 2201 540 2261 idem
556 2197 674 2263 trahitur
689 2201 816 2285 suspeeiu
827 2202 896 2264 &in

213 2299 354 2363 purpuras
375 2280 504 2361 Tyrias,
523 2281 734 2365 dibaphasque,
752 2306 783 2345 ac
805 2284 897 2345 Laco·
957 2289 961 2294 ’

213 2362 305 2422 nitas.
322 2360 421 2422 Alium
441 2365 471 2421 in
487 2361 672 2444 amethysto,
694 2365 776 2446 quia
796 2363 896 2431 vioia,

211 2440 377 2525 &ipsein
419 2464 593 2526 urpurenm,
614 2466 759 2526 quemque
790 2443 895 2505 ianthi·

213 2541 286 2583 num
313 2464 530 2606 appeliavimus.
556 2523 675 2587 Genera
694 2528 772 2587 enim
794 2521 895 2587 tratia-

213 2623 299 2675 anus,
317 2605 346 2664 in
376 2604 486 2687 species
512 2606 614 2668 multas
639 2605 700 2668 sese
725 2604 896 2689 spargentia

195 2678 332 2763 „Tertius
351 2683 412 2760 est,
437 2689 505 2769 qui,
532 2688 650 2770 proprie
685 2687 833 2769 conchylii
858 2686 895 2770 iu·

215 2760 364 2845 telligitur,
380 2767 478 2831 multis
496 2768 616 2833 modis:
636 2789 708 2832 imus
719 2769 893 2833 iunctione»
