1967 3600
242 254 440 325 Hrsron.
460 256 534 326 Lib.
548 255 630 327 XX.
709 281 775 354 ¹03

102 389 166 435 nrm.
183 372 297 436 Contra
317 375 496 456 porriginem
515 393 552 434 ex
573 390 658 437 aceto
680 376 778 438 infun·

104 456 170 516 dtur
184 456 274 537 capiti
294 457 324 514 in
342 454 421 515 Sole.

135 534 210 597 LllI.
230 533 342 597 Mentae
364 535 453 617 ipsius
472 533 551 595 odor
575 536 706 596 animum
728 542 778 596 ex‘.

102 617 176 688 citat,
195 615 332 697 &sapor
357 614 524 675 aviditatem
540 616 572 674 in
590 616 687 690 cibis,
709 617 779 678 ideo
847 634 857 659 ··

103 697 321 757 embammatum
332 697 460 756 mixtura
471 694 626 757 familiaris.
632 694 697 778 Ipsa
703 695 780 758 aces·

103 796 178 850 tete,
193 794 244 837 aut
261 781 366 845 coire,
386 774 555 857 denserique
578 777 622 836 lac
647 798 708 838 non
730 799 781 859 pa·

101 857 169 917 titur.
189 855 296 937 Quare
316 855 393 916 laetis
412 855 579 937 potionibus
595 856 726 930 additur,
738 878 778 919 ne

103 935 178 1017 hujus
200 935 347 1018 coagulati
360 952 438 1074 grotti
456 933 672 1019 strangulentur.
682 936 778 999 Datur

102 1016 212 1098 inaqui
229 1037 280 1078 aut
297 1016 408 1078 mulo:
426 1014 530 1076 eidem
544 1018 574 1078 ri
585 1015 715 1080 resistere
724 1038 779 1101 ge·

102 1099 231 1163 nerationi
241 1097 385 1168 creditur,
398 1095 563 1157 cohibendo
573 1098 704 1178 genitalia
709 1100 779 1163 dea·

102 1174 158 1238 seri.
171 1178 268 1260 Eque
283 1178 410 1238 maribus
431 1197 465 1236 ac
487 1175 605 1236 feminis
626 1176 696 1239 sistit
711 1178 776 1238 fan-

136 1259 228 1319 inem:
254 1259 289 1319 &
309 1258 493 1343 purgationes
512 1255 685 1319 seminatum
704 1259 779 1317 inhia

104 1275 241 1399 bdtrcum
262 1338 365 1416 amylo
385 1358 422 1397 ex
443 1335 519 1418 aqud
537 1352 625 1418 pota,
647 1338 782 1399 coeliaco-

104 1435 159 1477 tum
173 1421 312 1502 impetus.
331 1415 479 1498 Syriation
490 1417 664 1480 &vomicas
682 1417 779 1479 vulve

104 1501 201 1560 tonuit
219 1499 284 1560 illi.
303 1497 470 1561 iocinerum
486 1499 559 1559 vitia
577 1499 668 1558 ternis
683 1497 780 1571 obolis

104 1596 135 1636 ex
149 1578 238 1641 mulso
255 1579 339 1640 datis.
357 1577 433 1639 Item
445 1577 610 1659 sanguinem
624 1576 776 1640 exscrean·

103 1657 167 1718 tibus
183 1663 213 1720 in
229 1659 431 1720 sorbitionem.
452 1657 559 1720 Ulcera
578 1660 715 1739 incapite
732 1661 779 1737 in·

103 1733 211 1802 fantium
226 1740 304 1803 mire
325 1737 411 1799 sanat.
430 1737 561 1799 Arterias
578 1736 708 1799 humidat
720 1742 775 1803 sic·

103 1834 161 1895 cat,
180 1824 274 1883 siccas
292 1818 447 1902 adstringit.
477 1819 596 1880 Pituitas
624 1838 773 1904 corruptas

104 1918 194 1983 purgat
214 1904 247 1963 in
262 1899 360 1961 mulso
371 1900 496 1984 &aqud
514 1898 591 1962 Voci
606 1897 705 1963 succus
724 1900 774 1963 sub

103 1985 249 2044 certamine
283 1982 361 2042 utilis
390 1980 561 2055 dumtaxat,
619 1984 629 2042 i
656 1984 690 2044 &
713 2003 780 2064 gar-

103 2063 232 2141 garizatur
262 2062 320 2123 uva
342 2078 492 2134 tumente,
516 2062 580 2139 adje
608 2061 625 2122 d
655 2062 719 2122 ruti
744 2061 779 2124 &

103 2144 247 2204 coriandro
267 2162 305 2202 ex
327 2140 410 2202 lade.
427 2141 514 2203 Utilis
540 2144 574 2204 δι
596 2160 696 2202 contra
710 2158 777 2202 ton-

102 2219 169 2280 sillas
189 2245 259 2285 cum
282 2221 407 2281 alumine
428 2243 436 2282 ε
462 2221 565 2303 lingua
586 2221 693 2304 asperae
711 2242 780 2282 cum

102 2302 191 2364 nelle
207 2301 262 2364 Ad
286 2300 423 2363 convulsa
446 2303 522 2363 intus
549 2321 603 2381 per
629 2298 787 2375 se,vitiis-⁴

102 2399 153 2473 que
180 2383 338 2464 pulmonis.
366 2381 509 2465 Singultus
542 2383 575 2444 &
600 2382 780 2441 vomitiones

103 2458 167 2521 sistit
193 2484 263 2524 cum
293 2461 379 2522 succo
409 2460 542 2543 granati,
566 2475 598 2518 ut
623 2457 781 2518 Democri·

103 2553 143 2599 tus
163 2542 311 2603 monstrat.
332 2540 469 2601 Recentis
491 2536 591 2598 succus
606 2540 715 2598 narium
735 2541 780 2600 vi·

102 2619 137 2678 tia
153 2618 251 2701 spiritu
277 2620 432 2683 subdubius
457 2617 602 2681 emendat.
624 2617 638 2679 I
660 2615 688 2677 sa
715 2621 780 2682 trita

76 2739 78 2744 «
103 2697 246 2776 choleras,
259 2703 289 2761 in
306 2718 390 2763 aceto
403 2701 523 2782 quidem
542 2717 620 2783 pota.
631 2641 778 2780 sanguinis

102 2775 241 2846 uniones
253 2783 344 2858 intus,
361 2781 454 2845 lleunt
465 2782 552 2844 etiam
563 2780 698 2860 imposita
709 2803 776 2861 cum
794 2859 796 2863 Α

580 2860 679 2927 Eiv·
