1967 3600
109 222 115 227 '
190 240 240 342 ‹58
294 244 329 314 C.
355 245 532 314 Pnrnrr
556 241 744 313 Nurum

192 362 349 444 aliquando
370 360 449 424 extri
460 362 557 421 insidit
570 359 697 443 pulveris
712 360 829 436 modo‚·
847 378 887 426 ut

193 444 344 512 cicerculis
363 445 484 504 tantiam.

236 523 327 587 LXII.
342 524 440 603 Atque
460 537 492 581 ut
515 521 690 604 intelligatur
710 543 804 600 vana,
823 544 887 585 ceu

195 605 385 687 plerumque,
412 603 481 664 vitae
500 601 666 686 persuasio:
683 625 776 684 panax
794 607 888 686 pipe-

195 688 235 749 ris
251 684 380 765 saporem
400 682 515 757 reddit,
534 685 567 745 δι
583 685 673 766 magis
699 686 787 745 etiam
816 687 885 746 sili·

195 763 411 847 quarlrum‚‘ob
427 764 457 823 id
473 765 634 846 piperitidis
643 766 762 827 nomine
775 786 886 849 accep·

194 861 237 909 to.
255 843 402 909 Libanotis
426 843 553 908 odorem
581 845 692 920 thuris,
714 844 884 926 smyrnium

194 925 333 1005 myrrhae.
356 925 407 986 De
421 945 530 1007 panace
551 926 664 986 abunde
690 924 799 987 dicium
826 927 884 990 est.

195 1005 343 1067 libanotis
363 1007 434 1068 locis
450 1005 580 1087 putribus
601 1008 636 1081 &v
651 1008 755 1066 macris
770 1028 803 1067 ac
819 1008 888 1068 ros·

195 1086 267 1149 cidis
287 1085 388 1148 seritur
405 1086 524 1149 semine.
543 1085 684 1148 Radicem
702 1087 789 1147 haber
809 1089 885 1165 olri-

194 1166 280 1241 sarri,
296 1167 367 1228 nihil
387 1189 404 1227 a
420 1168 505 1229 thure
525 1165 716 1229 differentem.
727 1166 803 1228 Usus
813 1168 884 1250 ejus

109 1322 111 1325 Ι
196 1245 263 1330 post
284 1270 392 1310 annum
408 1246 558 1310 stomacho
570 1246 778 1310 saluberrimus.
796 1248 884 1329 Qui-

197 1330 266 1391 dam
284 1350 350 1391 eam
368 1332 486 1391 nomine
504 1330 563 1389 alio
574 1329 761 1390 rosmarinum
774 1331 884 1412 appel·

197 1410 266 1471 lant.
285 1410 323 1471 Et
341 1409 500 1490 smyrnium
518 1409 582 1470 olus
599 1408 700 1470 seritur
719 1409 820 1470 iisdem
832 1412 884 1473 lo·

132 1506 135 1513 ’
195 1492 262 1562 cis,
278 1489 426 1570 myrrham
448 1510 485 1550 ue
513 1488 609 1549 radice
636 1491 744 1572 resipit.
766 1490 882 1554 Eadem

197 1569 406 1652 &siliquastro
427 1510 508 1632 ditio.
528 1569 653 1652 Reliqua
674 1594 691 1631 a
715 1573 818 1632 ceteris
845 1574 882 1635 δι

196 1650 291 1710 odore
309 1649 389 1711 &la
411 1671 463 1711 ore
490 1649 650 1724 differunt,
675 1667 707 1711 ut
727 1653 882 1715 anethum.

196 1728 349 1812 Tantaque
369 1673 409 1792 eil
427 1732 578 1792 diversitas
593 1749 679 1815 arque
698 1734 759 1805 vis,
772 1751 882 1795 utnon

196 1810 291 1873 iollam
302 1813 448 1874 aliudalio
460 1830 601 1891 mutetur,
617 1813 667 1874 sed
682 1816 769 1874 etiam
787 1817 818 1874 in
828 1833 882 1877 to·

195 1908 263 1953 tum
280 1891 433 1953 auferatur.
450 1893 530 1973 Apio
549 1896 678 1954 eximunt
690 1896 775 1975 coqui
787 1894 882 1957 obso-

197 1974 251 2033 niis
268 1989 400 2046 acetum:
418 1973 526 2035 eodem
538 1974 645 2036 cellarii
662 1973 788 2036 insaccis
802 1976 883 2050 odo»,

196 2074 261 2115 rem
276 2055 491 2137 vinogravern.
522 2111 524 2113 .
822 2085 830 2096 ·

238 2131 275 2195 Er
293 2132 429 2196 hallenus'
440 2134 587 2196 hortensia
605 2134 680 2197 ditia
696 2138 774 2210 sint,
792 2138 881 2212 cibo-⁴

197 2234 263 2278 rum
280 2214 369 2297 grarii
387 2215 546 2277 dumtaxat.
569 2216 879 2300 Maximumspridem
967 2255 968 2258 ¹

197 2316 274 2377 opus
285 2298 315 2357 in
323 2294 425 2358 iisdem
435 2314 541 2356 naturae
548 2296 650 2369 restat,
662 2300 799 2380 quoniam
808 2321 890 2381 pro-v

197 2394 303 2441 ²tentus
324 2379 436 2440 tantiam
463 2377 573 2449 adhuc,
593 2375 771 2461 summasque
791 2380 879 2463 quas·

197 2458 266 2520 dam
295 2457 487 2535 traciavimus.
508 2458 589 2532 Vera
612 2476 709 2519 autem
738 2458 879 2543 cujusque
967 2505 968 2512 κ

141 2596 146 2601 ,
197 2556 297 2605 natura
319 2542 457 2617 nonnisi
480 2541 596 2614 ¹medico
617 2538 718 2602 effectu
742 2540 879 2622 pernosci

194 2618 310 2698 potest,
329 2642 403 2702 opus
427 2624 529 2702 ingens
548 2623 753 2703 occultumque
768 2623 877 2684 divini·

194 2699 284 2787 faris,
305 2701 338 2761 dc
358 2721 417 2782 quo
435 2700 547 2763 nullutn
567 2704 685 2784 reperiri
705 2705 799 2781 possit
814 2724 877 2765 ma·

193 2796 252 2862 11³⁸.
268 2777 316 2843 Ne
333 2782 451 2865 singidis
467 2782 500 2844 id
518 2782 605 2861 rebus
630 2787 854 2849 contexeremus
859 2800 876 2859 ,¹

122 3557 179 3566 Μ’
188 3559 249 3563 'm‘
270 3441 969 3593 “menhwmxnffinmd
