<?xml version="1.0" encoding="UTF-8"?>
<!DOCTYPE html PUBLIC "-//W3C//DTD XHTML 1.0 Transitional//EN"
    "http://www.w3.org/TR/xhtml1/DTD/xhtml1-transitional.dtd">
<html xmlns="http://www.w3.org/1999/xhtml" xml:lang="en" lang="en">
 <head>
  <title>
</title>
<meta http-equiv="Content-Type" content="text/html;charset=utf-8" />
  <meta name='ocr-system' content='tesseract 3.04.00' />
  <meta name='ocr-capabilities' content='ocr_page ocr_carea ocr_par ocr_line ocrx_word'/>
</head>
<body>
  <div class='ocr_page' id='page_1' title='image "./caiipliniisecun00unkngoog_0283.png"; bbox 0 0 1967 3600; ppageno 0'>
   <div class='ocr_carea' id='block_1_1' title="bbox 165 246 738 393">
    <p class='ocr_par' dir='ltr' id='par_1_1' title="bbox 165 246 738 393">
     <span class='ocr_line' id='line_1_1' title="bbox 165 246 738 393; baseline 0 -29"><span class='ocrx_word' id='word_1_1' title='bbox 165 289 362 393; x_wconf 68' lang='lat' dir='ltr'>armon.</span> <span class='ocrx_word' id='word_1_2' title='bbox 390 246 464 363; x_wconf 76' lang='lat' dir='ltr'>ub.</span> <span class='ocrx_word' id='word_1_3' title='bbox 488 277 620 364; x_wconf 79' lang='lat' dir='ltr'>xxrir.</span> <span class='ocrx_word' id='word_1_4' title='bbox 671 248 738 388; x_wconf 59' lang='lat' dir='ltr'>a.</span> 
     </span>
    </p>
   </div>
   <div class='ocr_carea' id='block_1_2' title="bbox 75 407 754 2977">
    <p class='ocr_par' dir='ltr' id='par_1_2' title="bbox 75 407 754 2977">
     <span class='ocr_line' id='line_1_2' title="bbox 77 407 741 493; baseline 0 -21"><span class='ocrx_word' id='word_1_5' title='bbox 77 412 107 472; x_wconf 72' lang='grc' dir='ltr'>δι</span> <span class='ocrx_word' id='word_1_6' title='bbox 115 412 210 473; x_wconf 87' lang='lat' dir='ltr'>mitior</span> <span class='ocrx_word' id='word_1_7' title='bbox 222 412 329 493; x_wconf 87' lang='lat' dir='ltr'>plagaa</span> <span class='ocrx_word' id='word_1_8' title='bbox 341 407 550 491; x_wconf 62' lang='lat' dir='ltr'>circumjeilis:</span> <span class='ocrx_word' id='word_1_9' title='bbox 565 412 700 492; x_wconf 79' lang='lat' dir='ltr'>quanthm</span> <span class='ocrx_word' id='word_1_10' title='bbox 709 413 741 472; x_wconf 89' lang='lat' dir='ltr'>il·</span> 
     </span>
     <span class='ocr_line' id='line_1_3' title="bbox 75 491 740 562; baseline 0.002 -11"><span class='ocrx_word' id='word_1_11' title='bbox 75 492 106 551; x_wconf 88' lang='lat' dir='ltr'>lis</span> <span class='ocrx_word' id='word_1_12' title='bbox 126 491 217 553; x_wconf 83' lang='lat' dir='ltr'>feritas</span> <span class='ocrx_word' id='word_1_13' title='bbox 233 491 300 552; x_wconf 84' lang='lat' dir='ltr'>facit</span> <span class='ocrx_word' id='word_1_14' title='bbox 318 491 451 562; x_wconf 86' lang='lat' dir='ltr'>roboris,</span> <span class='ocrx_word' id='word_1_15' title='bbox 464 492 577 553; x_wconf 83' lang='lat' dir='ltr'>tantum</span> <span class='ocrx_word' id='word_1_16' title='bbox 596 491 682 553; x_wconf 90' lang='lat' dir='ltr'>nobis</span> <span class='ocrx_word' id='word_1_17' title='bbox 693 491 740 552; x_wconf 81' lang='lat' dir='ltr'>hie</span> 
     </span>
     <span class='ocr_line' id='line_1_4' title="bbox 77 569 744 651; baseline 0.003 -21"><span class='ocrx_word' id='word_1_18' title='bbox 77 571 174 632; x_wconf 86' lang='lat' dir='ltr'>succus.</span> <span class='ocrx_word' id='word_1_19' title='bbox 190 571 279 632; x_wconf 71' lang='lat' dir='ltr'>Ludis</span> <span class='ocrx_word' id='word_1_20' title='bbox 299 586 386 651; x_wconf 89' lang='lat' dir='ltr'>potus</span> <span class='ocrx_word' id='word_1_21' title='bbox 402 569 460 630; x_wconf 82' lang='lat' dir='ltr'>ossa</span> <span class='ocrx_word' id='word_1_22' title='bbox 476 569 597 642; x_wconf 86' lang='lat' dir='ltr'>alit,fru</span> <span class='ocrx_word' id='word_1_23' title='bbox 619 591 668 630; x_wconf 87' lang='lat' dir='ltr'>um</span> <span class='ocrx_word' id='word_1_24' title='bbox 680 591 744 632; x_wconf 82' lang='lat' dir='ltr'>ner·</span> 
     </span>
     <span class='ocr_line' id='line_1_5' title="bbox 77 590 743 733; baseline 0.003 -23"><span class='ocrx_word' id='word_1_25' title='bbox 77 673 143 725; x_wconf 88' lang='lat' dir='ltr'>vos,</span> <span class='ocrx_word' id='word_1_26' title='bbox 156 673 231 733; x_wconf 86' lang='lat' dir='ltr'>aquae</span> <span class='ocrx_word' id='word_1_27' title='bbox 252 671 362 711; x_wconf 88' lang='lat' dir='ltr'>carnes.</span> <span class='ocrx_word' id='word_1_28' title='bbox 379 649 451 711; x_wconf 87' lang='lat' dir='ltr'>ldeo</span> <span class='ocrx_word' id='word_1_29' title='bbox 463 652 557 712; x_wconf 80' lang='lat' dir='ltr'>minus</span> <span class='ocrx_word' id='word_1_30' title='bbox 573 590 688 712; x_wconf 60' lang='lat' dir='ltr'>rohoria</span> <span class='ocrx_word' id='word_1_31' title='bbox 701 649 743 712; x_wconf 87' lang='lat' dir='ltr'>est</span> 
     </span>
     <span class='ocr_line' id='line_1_6' title="bbox 77 731 743 812; baseline 0.003 -23"><span class='ocrx_word' id='word_1_32' title='bbox 77 731 104 790; x_wconf 90' lang='lat' dir='ltr'>iu</span> <span class='ocrx_word' id='word_1_33' title='bbox 120 731 281 812; x_wconf 80' lang='lat' dir='ltr'>corporibus</span> <span class='ocrx_word' id='word_1_34' title='bbox 292 731 348 790; x_wconf 88' lang='lat' dir='ltr'>illis</span> <span class='ocrx_word' id='word_1_35' title='bbox 358 774 369 802; x_wconf 87' lang='lat'>,</span> <span class='ocrx_word' id='word_1_36' title='bbox 380 731 412 791; x_wconf 78' lang='grc' dir='ltr'>δι</span> <span class='ocrx_word' id='word_1_37' title='bbox 421 732 515 792; x_wconf 78' lang='lat' dir='ltr'>minus</span> <span class='ocrx_word' id='word_1_38' title='bbox 525 732 653 805; x_wconf 90' lang='lat' dir='ltr'>roboris,</span> <span class='ocrx_word' id='word_1_39' title='bbox 673 752 743 793; x_wconf 86' lang='lat' dir='ltr'>con·</span> 
     </span>
     <span class='ocr_line' id='line_1_7' title="bbox 78 809 745 893; baseline 0.004 -23"><span class='ocrx_word' id='word_1_40' title='bbox 78 828 166 893; x_wconf 85' lang='lat' dir='ltr'>traque</span> <span class='ocrx_word' id='word_1_41' title='bbox 175 813 446 893; x_wconf 84' lang='lat' dir='ltr'>laborespatientiae.</span> <span class='ocrx_word' id='word_1_42' title='bbox 457 809 537 872; x_wconf 90' lang='lat' dir='ltr'>Vino</span> <span class='ocrx_word' id='word_1_43' title='bbox 546 812 665 882; x_wconf 83' lang='lat' dir='ltr'>modico</span> <span class='ocrx_word' id='word_1_44' title='bbox 678 833 745 873; x_wconf 86' lang='lat' dir='ltr'>ner·</span> 
     </span>
     <span class='ocr_line' id='line_1_8' title="bbox 79 890 743 973; baseline 0.009 -23"><span class='ocrx_word' id='word_1_45' title='bbox 79 890 263 971; x_wconf 80' lang='lat' dir='ltr'>vijuvantur‚</span> <span class='ocrx_word' id='word_1_46' title='bbox 284 892 449 973; x_wconf 84' lang='lat' dir='ltr'>copiosiore</span> <span class='ocrx_word' id='word_1_47' title='bbox 468 891 627 954; x_wconf 76' lang='lat' dir='ltr'>laeduntur:</span> <span class='ocrx_word' id='word_1_48' title='bbox 646 894 686 954; x_wconf 88' lang='lat' dir='ltr'>sic</span> <span class='ocrx_word' id='word_1_49' title='bbox 707 893 743 956; x_wconf 70' lang='grc' dir='ltr'>ὃ(</span> 
     </span>
     <span class='ocr_line' id='line_1_9' title="bbox 79 971 742 1053; baseline 0.003 -23"><span class='ocrx_word' id='word_1_50' title='bbox 79 973 155 1031; x_wconf 87' lang='lat' dir='ltr'>oculi.</span> <span class='ocrx_word' id='word_1_51' title='bbox 168 971 336 1033; x_wconf 78' lang='lat' dir='ltr'>Stomachus</span> <span class='ocrx_word' id='word_1_52' title='bbox 344 986 503 1032; x_wconf 83' lang='lat' dir='ltr'>recreatur:</span> <span class='ocrx_word' id='word_1_53' title='bbox 514 973 679 1053; x_wconf 81' lang='lat' dir='ltr'>adpetentia</span> <span class='ocrx_word' id='word_1_54' title='bbox 695 974 742 1032; x_wconf 85' lang='lat' dir='ltr'>ci·</span> 
     </span>
     <span class='ocr_line' id='line_1_10' title="bbox 79 1049 742 1113; baseline 0.003 -2"><span class='ocrx_word' id='word_1_55' title='bbox 79 1050 171 1111; x_wconf 87' lang='lat' dir='ltr'>borum</span> <span class='ocrx_word' id='word_1_56' title='bbox 186 1054 339 1113; x_wconf 84' lang='lat' dir='ltr'>invitatur:</span> <span class='ocrx_word' id='word_1_57' title='bbox 358 1049 468 1112; x_wconf 86' lang='lat' dir='ltr'>tristitia</span> <span class='ocrx_word' id='word_1_58' title='bbox 487 1052 520 1113; x_wconf 89' lang='lat'>&amp;</span> <span class='ocrx_word' id='word_1_59' title='bbox 536 1071 603 1113; x_wconf 87' lang='lat' dir='ltr'>cura</span> <span class='ocrx_word' id='word_1_60' title='bbox 620 1053 742 1113; x_wconf 90' lang='lat' dir='ltr'>hebeta-</span> 
     </span>
     <span class='ocr_line' id='line_1_11' title="bbox 81 1130 744 1213; baseline 0.005 -23"><span class='ocrx_word' id='word_1_61' title='bbox 81 1147 136 1190; x_wconf 92' lang='lat' dir='ltr'>tur:</span> <span class='ocrx_word' id='word_1_62' title='bbox 147 1132 265 1194; x_wconf 90' lang='lat' dir='ltr'>urina&amp;</span> <span class='ocrx_word' id='word_1_63' title='bbox 275 1131 356 1213; x_wconf 89' lang='lat' dir='ltr'>algor</span> <span class='ocrx_word' id='word_1_64' title='bbox 369 1131 537 1211; x_wconf 83' lang='lat' dir='ltr'>expellitur:</span> <span class='ocrx_word' id='word_1_65' title='bbox 550 1130 665 1192; x_wconf 87' lang='lat' dir='ltr'>somnus</span> <span class='ocrx_word' id='word_1_66' title='bbox 673 1153 744 1193; x_wconf 90' lang='lat' dir='ltr'>con·</span> 
     </span>
     <span class='ocr_line' id='line_1_12' title="bbox 82 1209 744 1274; baseline 0.003 -5"><span class='ocrx_word' id='word_1_67' title='bbox 82 1210 186 1272; x_wconf 85' lang='lat' dir='ltr'>ciliatur.</span> <span class='ocrx_word' id='word_1_68' title='bbox 205 1213 346 1274; x_wconf 81' lang='lat' dir='ltr'>Praeterea</span> <span class='ocrx_word' id='word_1_69' title='bbox 373 1213 552 1272; x_wconf 81' lang='lat' dir='ltr'>vomitiones</span> <span class='ocrx_word' id='word_1_70' title='bbox 573 1209 661 1271; x_wconf 86' lang='lat' dir='ltr'>sistit:</span> <span class='ocrx_word' id='word_1_71' title='bbox 680 1211 744 1271; x_wconf 89' lang='lat' dir='ltr'>col-</span> 
     </span>
     <span class='ocr_line' id='line_1_13' title="bbox 81 1289 746 1371; baseline 0 -22"><span class='ocrx_word' id='word_1_72' title='bbox 81 1289 199 1353; x_wconf 73' lang='lat' dir='ltr'>teutones</span> <span class='ocrx_word' id='word_1_73' title='bbox 218 1292 300 1352; x_wconf 71' lang='lat' dir='ltr'>extri</span> <span class='ocrx_word' id='word_1_74' title='bbox 314 1291 384 1351; x_wconf 87' lang='lat' dir='ltr'>lanis</span> <span class='ocrx_word' id='word_1_75' title='bbox 400 1291 525 1351; x_wconf 88' lang='lat' dir='ltr'>humidis</span> <span class='ocrx_word' id='word_1_76' title='bbox 537 1292 680 1371; x_wconf 83' lang='lat' dir='ltr'>impositis</span> <span class='ocrx_word' id='word_1_77' title='bbox 690 1292 746 1350; x_wconf 88' lang='lat' dir='ltr'>tni·</span> 
     </span>
     <span class='ocr_line' id='line_1_14' title="bbox 82 1366 747 1464; baseline 0.005 -36"><span class='ocrx_word' id='word_1_78' title='bbox 82 1371 149 1464; x_wconf 84' lang='lat' dir='ltr'>tigat.</span> <span class='ocrx_word' id='word_1_79' title='bbox 166 1370 353 1453; x_wconf 59' lang='lat' dir='ltr'>¹Asclepiades</span> <span class='ocrx_word' id='word_1_80' title='bbox 375 1366 538 1432; x_wconf 54' lang='lat' dir='ltr'>&#39;utilitatem</span> <span class='ocrx_word' id='word_1_81' title='bbox 558 1372 621 1431; x_wconf 89' lang='lat' dir='ltr'>vini</span> <span class='ocrx_word' id='word_1_82' title='bbox 639 1392 663 1430; x_wconf 87' lang='lat' dir='ltr'>ae</span> <span class='ocrx_word' id='word_1_83' title='bbox 686 1371 747 1431; x_wconf 89' lang='lat' dir='ltr'>uari</span> 
     </span>
     <span class='ocr_line' id='line_1_15' title="bbox 82 1451 749 1533; baseline 0 -22"><span class='ocrx_word' id='word_1_84' title='bbox 82 1472 123 1511; x_wconf 75' lang='grc' dir='ltr'>να</span> <span class='ocrx_word' id='word_1_85' title='bbox 149 1452 267 1525; x_wconf 88' lang='lat' dir='ltr'>deorum</span> <span class='ocrx_word' id='word_1_86' title='bbox 282 1453 411 1533; x_wconf 71' lang='lat' dir='ltr'>potentii</span> <span class='ocrx_word' id='word_1_87' title='bbox 429 1451 634 1533; x_wconf 87' lang='lat' dir='ltr'>pronuntiavit.</span> <span class='ocrx_word' id='word_1_88' title='bbox 685 1467 749 1511; x_wconf 83' lang='lat' dir='ltr'>etus</span> 
     </span>
     <span class='ocr_line' id='line_1_16' title="bbox 84 1530 748 1614; baseline 0.008 -27"><span class='ocrx_word' id='word_1_89' title='bbox 84 1533 229 1612; x_wconf 85' lang='lat' dir='ltr'>copiosiore</span> <span class='ocrx_word' id='word_1_90' title='bbox 237 1535 311 1614; x_wconf 73' lang='lat' dir='ltr'>aqud</span> <span class='ocrx_word' id='word_1_91' title='bbox 319 1530 528 1604; x_wconf 87' lang='lat' dir='ltr'>miscetur,ma</span> <span class='ocrx_word' id='word_1_92' title='bbox 548 1531 626 1613; x_wconf 81' lang='lat' dir='ltr'>isque</span> <span class='ocrx_word' id='word_1_93' title='bbox 635 1533 748 1593; x_wconf 86' lang='lat' dir='ltr'>urinam</span> 
     </span>
     <span class='ocr_line' id='line_1_17' title="bbox 84 1553 748 1692; baseline 0.006 -23"><span class='ocrx_word' id='word_1_94' title='bbox 84 1613 203 1692; x_wconf 81' lang='lat' dir='ltr'>expellit:</span> <span class='ocrx_word' id='word_1_95' title='bbox 221 1615 316 1690; x_wconf 79' lang='lat' dir='ltr'>minus</span> <span class='ocrx_word' id='word_1_96' title='bbox 334 1613 379 1671; x_wconf 87' lang='lat' dir='ltr'>siti</span> <span class='ocrx_word' id='word_1_97' title='bbox 398 1611 511 1674; x_wconf 88' lang='lat' dir='ltr'>resistit.</span> <span class='ocrx_word' id='word_1_98' title='bbox 529 1553 635 1672; x_wconf 36' lang='lat' dir='ltr'>zulte</span> <span class='ocrx_word' id='word_1_99' title='bbox 653 1614 748 1673; x_wconf 76' lang='lat' dir='ltr'>minus</span> 
     </span>
     <span class='ocr_line' id='line_1_18' title="bbox 84 1688 749 1767; baseline 0.009 -20"><span class='ocrx_word' id='word_1_100' title='bbox 84 1688 204 1767; x_wconf 89' lang='lat' dir='ltr'>inebriat,</span> <span class='ocrx_word' id='word_1_101' title='bbox 219 1690 270 1752; x_wconf 89' lang='lat' dir='ltr'>sed</span> <span class='ocrx_word' id='word_1_102' title='bbox 289 1691 439 1753; x_wconf 82' lang='lat' dir='ltr'>stomacho</span> <span class='ocrx_word' id='word_1_103' title='bbox 459 1696 587 1753; x_wconf 85' lang='lat' dir='ltr'>innatat:</span> <span class='ocrx_word' id='word_1_104' title='bbox 605 1691 749 1753; x_wconf 85' lang='lat' dir='ltr'>austerum</span> 
     </span>
     <span class='ocr_line' id='line_1_19' title="bbox 86 1766 749 1856; baseline 0.008 -28"><span class='ocrx_word' id='word_1_105' title='bbox 86 1766 178 1832; x_wconf 76' lang='lat' dir='ltr'>facilius</span> <span class='ocrx_word' id='word_1_106' title='bbox 187 1773 387 1856; x_wconf 87' lang='lat' dir='ltr'>concoquitur.</span> <span class='ocrx_word' id='word_1_107' title='bbox 401 1772 594 1834; x_wconf 88' lang='lat' dir='ltr'>Levissimum</span> <span class='ocrx_word' id='word_1_108' title='bbox 603 1770 749 1856; x_wconf 89' lang='lat' dir='ltr'>est‚quod</span> 
     </span>
     <span class='ocr_line' id='line_1_20' title="bbox 86 1851 747 1922; baseline 0.009 -13"><span class='ocrx_word' id='word_1_109' title='bbox 86 1851 221 1913; x_wconf 74' lang='lat' dir='ltr'>celerrime</span> <span class='ocrx_word' id='word_1_110' title='bbox 241 1855 428 1914; x_wconf 84' lang='lat' dir='ltr'>inveteratur.</span> <span class='ocrx_word' id='word_1_111' title='bbox 444 1853 545 1914; x_wconf 78' lang='lat' dir='ltr'>Minus</span> <span class='ocrx_word' id='word_1_112' title='bbox 555 1853 666 1915; x_wconf 83' lang='lat' dir='ltr'>infestat</span> <span class='ocrx_word' id='word_1_113' title='bbox 679 1875 747 1922; x_wconf 59' lang='lat' dir='ltr'>nere</span> 
     </span>
     <span class='ocr_line' id='line_1_21' title="bbox 85 1927 747 2016; baseline 0.011 -27"><span class='ocrx_word' id='word_1_114' title='bbox 85 1927 149 2006; x_wconf 76' lang='lat' dir='ltr'>vos,</span> <span class='ocrx_word' id='word_1_115' title='bbox 166 1933 244 2016; x_wconf 89' lang='lat' dir='ltr'>quod</span> <span class='ocrx_word' id='word_1_116' title='bbox 261 1932 404 1994; x_wconf 81' lang='lat' dir='ltr'>vetustate</span> <span class='ocrx_word' id='word_1_117' title='bbox 423 1929 568 1995; x_wconf 77' lang='lat' dir='ltr'>dulcescit.</span> <span class='ocrx_word' id='word_1_118' title='bbox 587 1932 747 2008; x_wconf 82' lang='lat' dir='ltr'>Stomacho</span> 
     </span>
     <span class='ocr_line' id='line_1_22' title="bbox 87 2011 749 2098; baseline 0.009 -30"><span class='ocrx_word' id='word_1_119' title='bbox 87 2011 167 2073; x_wconf 76' lang='lat' dir='ltr'>mirrha</span> <span class='ocrx_word' id='word_1_120' title='bbox 186 2014 256 2075; x_wconf 93' lang='lat' dir='ltr'>utile</span> <span class='ocrx_word' id='word_1_121' title='bbox 274 2012 316 2093; x_wconf 73' lang='lat' dir='ltr'>est</span> <span class='ocrx_word' id='word_1_122' title='bbox 336 2017 460 2096; x_wconf 85' lang='lat' dir='ltr'>pingue,</span> <span class='ocrx_word' id='word_1_123' title='bbox 472 2018 600 2098; x_wconf 88' lang='lat' dir='ltr'>nigrum,</span> <span class='ocrx_word' id='word_1_124' title='bbox 619 2015 669 2076; x_wconf 89' lang='lat' dir='ltr'>sed</span> <span class='ocrx_word' id='word_1_125' title='bbox 680 2036 749 2076; x_wconf 93' lang='lat' dir='ltr'>cor·</span> 
     </span>
     <span class='ocr_line' id='line_1_23' title="bbox 88 2093 750 2177; baseline 0.011 -29"><span class='ocrx_word' id='word_1_126' title='bbox 88 2110 147 2169; x_wconf 91' lang='lat' dir='ltr'>pora</span> <span class='ocrx_word' id='word_1_127' title='bbox 163 2096 250 2177; x_wconf 87' lang='lat' dir='ltr'>magis</span> <span class='ocrx_word' id='word_1_128' title='bbox 268 2094 329 2155; x_wconf 90' lang='lat' dir='ltr'>alit.</span> <span class='ocrx_word' id='word_1_129' title='bbox 355 2093 459 2153; x_wconf 91' lang='lat' dir='ltr'>Tenue</span> <span class='ocrx_word' id='word_1_130' title='bbox 483 2094 676 2156; x_wconf 87' lang='lat' dir='ltr'>&amp;austerum</span> <span class='ocrx_word' id='word_1_131' title='bbox 697 2098 750 2155; x_wconf 88' lang='lat' dir='ltr'>mi·</span> 
     </span>
     <span class='ocr_line' id='line_1_24' title="bbox 84 2171 749 2257; baseline 0.011 -30"><span class='ocrx_word' id='word_1_132' title='bbox 84 2171 131 2238; x_wconf 44' lang='lat' dir='ltr'>,nlrs</span> <span class='ocrx_word' id='word_1_133' title='bbox 144 2174 205 2248; x_wconf 87' lang='lat' dir='ltr'>alit,</span> <span class='ocrx_word' id='word_1_134' title='bbox 221 2177 313 2257; x_wconf 86' lang='lat' dir='ltr'>magis</span> <span class='ocrx_word' id='word_1_135' title='bbox 338 2172 517 2234; x_wconf 83' lang='lat' dir='ltr'>stomachum</span> <span class='ocrx_word' id='word_1_136' title='bbox 540 2173 636 2235; x_wconf 84' lang='lat' dir='ltr'>nutrit.</span> <span class='ocrx_word' id='word_1_137' title='bbox 658 2173 749 2254; x_wconf 80' lang='lat' dir='ltr'>Cele-</span> 
     </span>
     <span class='ocr_line' id='line_1_25' title="bbox 87 2249 750 2338; baseline 0.003 -28"><span class='ocrx_word' id='word_1_138' title='bbox 87 2249 135 2310; x_wconf 71' lang='lat' dir='ltr'>titis</span> <span class='ocrx_word' id='word_1_139' title='bbox 150 2274 200 2334; x_wconf 86' lang='lat' dir='ltr'>per</span> <span class='ocrx_word' id='word_1_140' title='bbox 217 2256 329 2315; x_wconf 87' lang='lat' dir='ltr'>urinam</span> <span class='ocrx_word' id='word_1_141' title='bbox 353 2257 473 2329; x_wconf 87' lang='lat' dir='ltr'>transit,</span> <span class='ocrx_word' id='word_1_142' title='bbox 496 2254 634 2338; x_wconf 80' lang='lat' dir='ltr'>tantdque</span> <span class='ocrx_word' id='word_1_143' title='bbox 658 2256 750 2334; x_wconf 86' lang='lat' dir='ltr'>magis</span> 
     </span>
     <span class='ocr_line' id='line_1_26' title="bbox 89 2331 750 2410; baseline 0 -20"><span class='ocrx_word' id='word_1_144' title='bbox 89 2331 169 2410; x_wconf 81' lang='lat' dir='ltr'>capita</span> <span class='ocrx_word' id='word_1_145' title='bbox 190 2349 300 2395; x_wconf 86' lang='lat' dir='ltr'>tentat:</span> <span class='ocrx_word' id='word_1_146' title='bbox 315 2334 372 2395; x_wconf 89' lang='lat' dir='ltr'>hoc</span> <span class='ocrx_word' id='word_1_147' title='bbox 385 2335 425 2396; x_wconf 77' lang='grc' dir='ltr'>,δι</span> <span class='ocrx_word' id='word_1_148' title='bbox 444 2337 474 2395; x_wconf 92' lang='lat' dir='ltr'>in</span> <span class='ocrx_word' id='word_1_149' title='bbox 490 2338 571 2397; x_wconf 89' lang='lat' dir='ltr'>omni</span> <span class='ocrx_word' id='word_1_150' title='bbox 593 2336 649 2394; x_wconf 83' lang='lat' dir='ltr'>alio</span> <span class='ocrx_word' id='word_1_151' title='bbox 663 2334 750 2392; x_wconf 91' lang='lat' dir='ltr'>succo</span> 
     </span>
     <span class='ocr_line' id='line_1_27' title="bbox 89 2405 754 2475; baseline 0.008 -10"><span class='ocrx_word' id='word_1_152' title='bbox 89 2405 164 2472; x_wconf 87' lang='lat' dir='ltr'>semel</span> <span class='ocrx_word' id='word_1_153' title='bbox 173 2413 277 2475; x_wconf 71' lang='lat' dir='ltr'>clidium</span> <span class='ocrx_word' id='word_1_154' title='bbox 288 2415 333 2475; x_wconf 89' lang='lat' dir='ltr'>sit.</span> <span class='ocrx_word' id='word_1_155' title='bbox 343 2411 455 2475; x_wconf 83' lang='lat' dir='ltr'>Vinum</span> <span class='ocrx_word' id='word_1_156' title='bbox 469 2417 493 2473; x_wconf 87' lang='lat' dir='ltr'>si</span> <span class='ocrx_word' id='word_1_157' title='bbox 513 2417 552 2473; x_wconf 87' lang='lat' dir='ltr'>sir</span> <span class='ocrx_word' id='word_1_158' title='bbox 568 2413 652 2473; x_wconf 82' lang='lat' dir='ltr'>fumo</span> <span class='ocrx_word' id='word_1_159' title='bbox 666 2415 754 2472; x_wconf 81' lang='lat' dir='ltr'>inve·</span> 
     </span>
     <span class='ocr_line' id='line_1_28' title="bbox 90 2491 753 2572; baseline -0.003 -19"><span class='ocrx_word' id='word_1_160' title='bbox 90 2502 196 2553; x_wconf 69' lang='lat' dir='ltr'>letatum</span> <span class='ocrx_word' id='word_1_161' title='bbox 223 2493 469 2555; x_wconf 84' lang='lat' dir='ltr'>insaluberrimum</span> <span class='ocrx_word' id='word_1_162' title='bbox 501 2492 551 2552; x_wconf 90' lang='lat' dir='ltr'>est.</span> <span class='ocrx_word' id='word_1_163' title='bbox 589 2491 753 2572; x_wconf 77' lang='lat' dir='ltr'>Mangones</span> 
     </span>
     <span class='ocr_line' id='line_1_29' title="bbox 90 2565 753 2658; baseline 0.014 -31"><span class='ocrx_word' id='word_1_164' title='bbox 90 2565 133 2628; x_wconf 89' lang='lat' dir='ltr'>ista</span> <span class='ocrx_word' id='word_1_165' title='bbox 147 2574 174 2631; x_wconf 92' lang='lat' dir='ltr'>in</span> <span class='ocrx_word' id='word_1_166' title='bbox 188 2569 213 2632; x_wconf 87' lang='lat' dir='ltr'>a¹</span> <span class='ocrx_word' id='word_1_167' title='bbox 225 2575 335 2635; x_wconf 81' lang='lat' dir='ltr'>othecis</span> <span class='ocrx_word' id='word_1_168' title='bbox 356 2575 568 2658; x_wconf 82' lang='lat' dir='ltr'>excogitavere.</span> <span class='ocrx_word' id='word_1_169' title='bbox 580 2569 642 2631; x_wconf 85' lang='lat' dir='ltr'>Jam</span> <span class='ocrx_word' id='word_1_170' title='bbox 653 2572 686 2632; x_wconf 76' lang='grc' dir='ltr'>δι</span> <span class='ocrx_word' id='word_1_171' title='bbox 696 2592 753 2651; x_wconf 87' lang='lat' dir='ltr'>pa·</span> 
     </span>
     <span class='ocr_line' id='line_1_30' title="bbox 90 2597 753 2734; baseline 0.003 -22"><span class='ocrx_word' id='word_1_172' title='bbox 90 2597 255 2714; x_wconf 64' lang='lat' dir='ltr'>rahnida</span> <span class='ocrx_word' id='word_1_173' title='bbox 272 2670 387 2734; x_wconf 79' lang='lat' dir='ltr'>aetatem</span> <span class='ocrx_word' id='word_1_174' title='bbox 408 2654 475 2714; x_wconf 87' lang='lat' dir='ltr'>addi</span> <span class='ocrx_word' id='word_1_175' title='bbox 492 2654 552 2725; x_wconf 86' lang='lat' dir='ltr'>hia,</span> <span class='ocrx_word' id='word_1_176' title='bbox 575 2672 638 2732; x_wconf 84' lang='lat' dir='ltr'>quae</span> <span class='ocrx_word' id='word_1_177' title='bbox 655 2649 753 2732; x_wconf 84' lang='lat' dir='ltr'>perse</span> 
     </span>
     <span class='ocr_line' id='line_1_31' title="bbox 93 2730 752 2813; baseline 0.011 -26"><span class='ocrx_word' id='word_1_178' title='bbox 93 2730 183 2791; x_wconf 83' lang='lat' dir='ltr'>cariem</span> <span class='ocrx_word' id='word_1_179' title='bbox 200 2751 323 2795; x_wconf 88' lang='lat' dir='ltr'>traxere.</span> <span class='ocrx_word' id='word_1_180' title='bbox 342 2734 417 2813; x_wconf 88' lang='lat' dir='ltr'>Quo</span> <span class='ocrx_word' id='word_1_181' title='bbox 435 2734 513 2795; x_wconf 70' lang='lat' dir='ltr'>certe</span> <span class='ocrx_word' id='word_1_182' title='bbox 528 2731 674 2793; x_wconf 82' lang='lat' dir='ltr'>vocabulo</span> <span class='ocrx_word' id='word_1_183' title='bbox 687 2730 752 2812; x_wconf 72' lang='lat' dir='ltr'>satis</span> 
     </span>
     <span class='ocr_line' id='line_1_32' title="bbox 92 2808 753 2954; baseline 0.003 -78"><span class='ocrx_word' id='word_1_184' title='bbox 92 2808 190 2876; x_wconf 72' lang='lat' dir='ltr'>romili</span> <span class='ocrx_word' id='word_1_185' title='bbox 207 2815 314 2878; x_wconf 78' lang='lat' dir='ltr'>dedere</span> <span class='ocrx_word' id='word_1_186' title='bbox 332 2813 433 2897; x_wconf 72' lang='lat' dir='ltr'>prisciz</span> <span class='ocrx_word' id='word_1_187' title='bbox 453 2812 635 2954; x_wconf 52' lang='grc' dir='ltr'>(1υοῖῃᾶ</span> <span class='ocrx_word' id='word_1_188' title='bbox 648 2815 677 2875; x_wconf 91' lang='lat' dir='ltr'>in</span> <span class='ocrx_word' id='word_1_189' title='bbox 689 2823 753 2878; x_wconf 64' lang='lat' dir='ltr'>rna⁴</span> 
     </span>
     <span class='ocr_line' id='line_1_33' title="bbox 551 2915 595 2977; baseline 0 -25"><span class='ocrx_word' id='word_1_190' title='bbox 551 2915 595 2977; x_wconf 55' lang='lat' dir='ltr'>,up</span> 
     </span>
    </p>
   </div>
   <div class='ocr_carea' id='block_1_3' title="bbox 0 0 1007 3600">
    <p class='ocr_par' dir='ltr' id='par_1_3' title="bbox 0 0 1007 3600">
     <span class='ocr_line' id='line_1_34' title="bbox 0 0 1007 3600; baseline 0 0"><span class='ocrx_word' id='word_1_191' title='bbox 0 0 1007 3600; x_wconf 95' lang='lat' dir='ltr'> </span> 
     </span>
    </p>
   </div>
  </div>
 </body>
</html>
