1967 3600
268 292 341 391 236
390 290 425 365 C.
451 293 626 364 Prrurr
652 290 839 359 Nurum

269 416 322 476 nit.
340 412 498 475 pleuriticis
513 412 543 469 in
559 406 714 469 sorbitione
739 408 843 468 vinum
861 420 958 488 potu-‘¹

268 496 310 556 ris
319 495 417 556 datur:
435 487 698 560 contraliionibus,
712 486 954 568 opisthotonicis,v

269 577 371 638 ciceris
391 571 584 653 magnitudine
605 569 673 630 cers
692 569 897 629 circumlitum.
914 566 945 628 lu

267 655 370 737 angius
387 673 436 734 gar
455 652 584 711 arizatur.
606 648 853 722 Anhelatoribus,
871 650 904 709 &
918 650 946 706 in

268 736 339 795 russi
355 672 469 795 vetus&
486 752 555 791 cum
574 751 664 811 porro
685 747 721 789 ex
739 746 826 790 aceto
852 729 947 789 datura

267 813 351 896 aque
369 833 407 874 cx
424 813 572 873 aceto'his
582 811 631 893 qui
643 810 796 891 coagulum
805 803 948 869 laffissor·

267 892 393 956 buerint.
415 892 644 954 Praecordiorum
664 891 745 950 vitiis
765 888 945 971 synteslicis‚

266 974 462 1035 comitialibus
477 975 509 1032 in
527 974 619 1044 vino,
634 973 664 1030 in
682 970 756 1051 aqus
777 969 872 1030 mulsi
897 968 946 1030 lin-

266 1072 332 1196 ἐπε
351 1055 487 1134 paralysi.
507 1051 725 1113 Coxendicibus
736 1051 769 1110 &
781 1050 943 1110 lumborum

289 1134 419 1195 oloribus
429 1154 495 1193 cum
506 1130 627 1193 decusso
638 1131 725 1191 melle
732 1130 865 1191 illinitur.
881 1128 942 1189 Nou

180 1233 184 1240 “
268 1213 449 1286 censuerim,
468 1213 548 1294 quod
559 1211 687 1271 auslores
697 1209 834 1284 suadent,
850 1228 942 1271 caver·

268 1297 315 1357 nis
325 1295 456 1356 dentium
472 1297 503 1353 in
522 1292 624 1354 dolore
634 1292 759 1351 inditum
776 1293 848 1360 ceri
861 1290 944 1350 inclu

268 1376 318 1438 di:
333 1397 439 1459 magno
458 1376 656 1456 experimento
673 1371 824 1444 hominis,
843 1372 891 1452 qui
916 1367 942 1430 sc

268 1455 306 1518 ci
322 1456 358 1517 de
373 1456 458 1516 causi
477 1453 669 1535 praecipitavit
688 1472 726 1511 ex
741 1451 811 1513 alto.
826 1449 941 1531 Quippe

268 1552 367 1597 tauros
386 1535 544 1595 inflammat
561 1533 675 1593 naribus
686 1532 782 1593 illitisr
800 1531 940 1614 serpentes

267 1617 447 1677 avidissimas
465 1617 534 1687 viui¹
550 1614 708 1673 admixtum
734 1613 852 1694 rumpit.
875 1611 940 1673 Ideo

267 1696 440 1779 nec‘inungi
468 1693 600 1755 suaserim
622 1714 689 1753 cum
714 1690 818 1753 Attico
838 1691 939 1763 melle,

267 1776 336 1838 licet
352 1777 528 1858 praecipiant.
547 1772 630 1854 Quas
639 1772 742 1835 habeat
753 1772 889 1834 utilitates
896 1771 941 1832 ad·

267 1859 391 1918 mixtum
409 1858 492 1930 aliis,
516 1854 686 1916 immensum
706 1851 747 1914 est
766 1853 939 1916 reserrez&

266 1956 321 1996 uos
343 1937 484 2015 simplicia
502 1934 652 1996 trassamus
672 1957 679 1996 :
736 1936 838 1996 oniam
857 1935 886 1994 in
901 1933 940 1993 his

266 2031 397 2079 naturam
413 2014 469 2093 esse
488 2032 625 2098 apparet,
636 2018 666 2075 in
681 1951 739 2075 illll
750 2012 939 2094 conjec'turam

267 2091 368 2177 saepius
398 2095 551 2170 fallacem,
570 2096 642 2156 nulli
663 2094 728 2156 satis
753 2093 939 2157 custoditius

264 2178 396 2237 mixturis
421 2178 579 2239 concordii
600 2192 707 2236 naturae
729 2196 763 2236 ae
784 2193 939 2259 repugnan-

266 2257 316 2318 tis.
337 2254 408 2335 Qua
426 2258 462 2317 de
478 2278 509 2318 re
527 2277 597 2319 mox
612 2257 703 2337 plura.
891 2303 896 2313 .

306 2335 341 2397 L.
354 2356 406 2411 24
417 2335 448 2397 N
449 2359 489 2399 on
497 2335 567 2398 esset
575 2338 671 2397 mellis
680 2335 832 2400 ausloritas
841 2339 870 2399 in
880 2353 939 2418 pre·

265 2417 435 2488 nominor,
455 2417 544 2559 <prim
573 2415 686 2490 laseris,
705 2419 736 2478 ni
759 2418 869 2503 ubique
884 2411 939 2477 nas·

442 2521 459 2559 u

264 2513 389 2562 teretur.
405 2497 441 2559 Ill
496 2497 555 2580 ipsa
566 2495 701 2559 fabricata
717 2498 755 2558 sit
766 2517 883 2560 natura:
894 2493 937 2557 sed

264 2581 332 2643 huic
351 2580 496 2662 gignendo
515 2578 643 2651 animas,-
654 2595 686 2638 ut
699 2577 845 2643 diximus:
862 2580 937 2639 inuu-

265 2679 362 2724 meros
373 2660 410 2720 ad
419 2659 503 2733 usus,
519 2662 543 2721 si
557 2660 673 2743 quoties
685 2656 860 2734 misceatur,
875 2655 936 2719 aul

265 2758 389 2801 memus.

211 2854 214 2860 ι
277 2814 397 2881 crima
425 2821 557 2904 propolis
585 2820 719 2885 alvomm
738 2816 805 2904 (de
824 2818 882 2905 qul
898 2813 943 2878 ὅν.
