1967 3600
27 318 75 349 „5
158 195 576 332 Hrsuoabibffllxe
639 281 688 353 47

53 394 146 459 ptngoo.
163 378 255 440 Primo
271 397 353 439 anno
370 375 528 439 stramento
540 374 576 438 ab
594 377 691 441 bieme

51 459 147 541 protegi:
161 480 226 521 rere
236 462 362 540 aperiri,
375 457 483 532 sarriri,
498 462 626 521 runcari:
637 478 692 521 rer·

27 558 29 563 ’
51 540 80 597 tio
94 541 191 601 incendi
205 561 311 603 vermo.
337 536 412 619 Qub
432 542 569 600 maturius
593 544 699 600 incen·

51 615 129 694 intest,
143 621 192 681 hoc
209 621 315 682 melius
328 623 472 701 provenit.
489 618 533 681 lta
554 640 591 681 ue
605 641 692 681 arun·

50 698 122 759 ditetis
129 703 241 762 maxime
252 703 413 774 convenit,
434 722 497 783 quae
509 642 697 764 fellinamin«
733 692 741 715 ’

50 779 114 840 modi
127 781 216 842 Sarriri
237 780 322 862 jubet
342 781 441 854 idem,
456 802 516 842 non
532 799 598 843 ante
619 802 697 842 uam·
749 843 752 851 ,

50 857 160 944 asparagus
178 880 257 924 natus
271 862 380 936 fuerit,
394 881 433 922 ne
450 803 699 923 insaniendum:

49 939 103 1000 ditet
114 962 252 1005 vexentur.
272 941 320 1004 Ex
338 962 377 1003 eo
397 941 465 1003 velli
478 940 689 1025 asparagumab

48 1020 200 1084 radiceznam
211 1025 235 1083 si
252 1023 452 1105 defringatur,
462 1020 647 1102 stirpescere,
658 1024 699 1085 διἱ

47 1101 168 1165 intermori.
186 1104 286 1178 Velli,
302 1105 400 1166 donec
421 1104 451 1163 im
466 1101 567 1164 semen
586 1120 642 1165 ear.
655 1102 692 1164 Id

48 1197 117 1242 tutem
137 1184 328 1247 maturescere
352 1183 391 1244 ad
411 1204 480 1256 ver,
497 1184 669 1266 incendique
681 1206 698 1245 τ’

47 1281 72 1320 ae
82 1261 168 1339 rursus,
182 1269 248 1327 clun
270 1287 309 1349 ap
334 1266 438 1326 aruerit
455 1263 623 1346 asparagus,
638 1262 701 1324 sar-⁸

47 1342 82 1400 riri
95 1363 120 1404 ac
133 1345 281 1410 stercorari.
339 1367 356 1406 c
374 1342 439 1427 post
456 1364 547 1404 annos
566 1364 702 1417 novem,

48 1421 236 1504 cirmjamvetus
247 1430 304 1501 sit,
322 1423 541 1508 digetiussubadlo
550 1422 614 1486 solo
623 1422 695 1485 ster·

48 1520 179 1588 curatoque.
189 1507 267 1570 Turn
284 1507 414 1601 spongiis
425 1504 497 1579 seri,
510 1505 704 1646 singulorum¹

48 1583 130 1660 pedum
141 1586 395 1667 intervallo.an
408 1586 442 1647 ὃ(
454 1586 545 1647 ovillo
579 1607 629 1646 nro
639 1606 695 1645 no·

47 1663 145 1728 mbadm
160 1672 219 1747 uti,
236 1672 378 1752 quoniam
395 1666 472 1727 aliud
482 1667 584 1727 herbas
602 1685 691 1729 creet.

48 1738 92 1805 Nee
106 1750 250 1831 quidquam
268 1747 371 1832 postea
381 1764 523 1809 tentatum
534 1748 629 1808 utilius
639 1750 695 1830 ap·'

47 1827 131 1903 penit,
142 1833 190 1891 nisi
203 1832 285 1915 qubd
295 1833 379 1891 eirca
396 1828 464 1890 Idus
476 1828 620 1889 Februarii
639 1829 692 1890 de·¹

47 1901 100 1967 tolo
115 1908 212 1972 semine
228 1913 387 1973 acervatim
400 1910 527 1991 parvulis
544 1909 700 1971 scrobibus·

47 1981 131 2062 serum,
143 1994 296 2073 plurimum
316 2008 492 2052 maceratum
513 1989 594 2051 fimo.
609 1990 692 2052 Dein

46 2069 105 2128 uois
113 2073 179 2133 inter
187 2072 216 2135 se
228 2074 373 2134 radicibus
384 2071 514 2153 spongias
530 2070 614 2131 fatias
625 2070 692 2153 post

46 2150 214 2236 emnoffim
231 2151 363 2214 autumni
376 2151 529 2233 disponunt
543 2151 692 2232 pedalibus

46 2232 190 2308 uenalis,
214 2233 360 2295 fertilitate
378 2236 409 2292 in
428 2234 519 2293 denos
535 2253 625 2292 annos
639 2232 692 2292 du-

46 2324 113 2371 rante.
128 2312 244 2375 Nullum
261 2318 366 2399 gratius
382 2314 424 2374 his
435 2313 527 2375 solum
539 2312 625 2396 qudem
636 2312 692 2376 Ra·¹

46 2395 182 2454 vermium
197 2396 358 2459 hortorum·
492 2445 497 2450 -
641 2437 644 2442 ·
692 2411 695 2429 ²

74 2466 253 2537 Indicavimus
271 2478 303 2537 dt
320 2474 479 2537 corrudam·
505 2472 593 2532 Hunc
616 2468 705 2530 enim·

44 2543 148 2633 intelligo
158 2554 318 2617 silvestrem
327 2556 511 2638 asparagum,
521 2569 609 2631 quem
617 2546 705 2610 Grae·n

45 2627 264 2720 eitlhormenunra·
284 2653 331 2696 aut
355 2631 550 2716 myacanthon
566 2648 707 2701 uocant„

45 2707 305 2776 alusvenominibus.
322 2715 443 2777 Invenio
462 2711 538 2775 nasci
557 2712 590 2777 δι
604 2711 706 2775 arietia

46 2792 155 2856 ombus
174 2798 248 2858 tusis
264 2812 349 2876 atque
366 2795 498 2859 defossis.
