1967 3600
222 255 293 334 t6o
342 255 378 331 C.
398 254 578 324 Pururt
599 253 791 327 Ninon.
837 322 840 325 ,

220 378 313 438 nimio
332 376 482 441 laedunrur.
501 372 560 436 Sed
580 374 629 434 ubi
645 376 912 450 convaluetemp
959 398 963 403 ·

218 475 259 519 tae
281 460 348 520 vice
366 456 508 521 fruticant.
523 453 681 517 Abrotono
697 459 793 517 simile
804 459 911 521 odore

219 537 450 603 leucanthemum
471 535 513 597 est
523 580 534 610 ,
550 536 624 597 flore
649 537 716 598 albo
733 536 887 609 foliosum.

184 677 198 687 ,⁴
242 616 396 679 ·XXXV.r
414 638 458 679 11.
476 616 653 678 Amaracum
668 617 791 679 Diocles
806 621 908 680 rnedi-

213 697 910 783 eus&Siculagensappellavere,quodAEgyp·

217 796 264 840 tus
284 779 316 840 ὃ(
329 777 415 860 Syria
431 776 638 861 sampsuchum.
650 777 758 839 Seritur
771 797 909 863 utroque

219 879 345 942 genere,
365 861 399 922 ὃ(
417 858 526 920 semine
542 859 574 922 &
590 881 691 931 ramo,
710 861 846 921 vivacius
856 860 908 921 su-

217 938 368 1022 pradiffis,
380 942 413 1002 &
423 940 516 1002 odore
527 940 638 1001 melius.
651 938 814 1022 Copiosum
822 963 908 1002 ama-

217 1041 285 1081 raco
302 1021 405 1102 aeque,
465 1021 512 1083 dtu
529 1021 694 1096 abrotono,
715 1020 822 1084 semen.
839 1020 906 1085 Sed

217 1100 361 1165 abrotono
391 1123 422 1163 ra
443 1104 472 1161 ix
493 1123 550 1162 una
567 1104 599 1164 δι
618 1101 675 1163 alte
702 1101 907 1176 descendens3
941 1142 943 1145 -

217 1184 321 1242 ceteris
332 1185 363 1242 in
375 1181 484 1243 summa
495 1182 572 1243 terri
582 1182 686 1242 leviter
699 1184 822 1244 haerens.
833 1183 908 1246 Re*

217 1262 365 1342 liquorum
387 1263 457 1324 satio
478 1280 617 1323 autumno
637 1261 699 1337 sere
720 1266 901 1345 incipiente,

217 1363 273 1404 nec
296 1364 357 1405 nou
382 1346 414 1407 &
436 1364 505 1405 vere
523 1341 690 1425 quibusdam
712 1344 806 1420 locis,
830 1366 901 1427 qux

218 1422 321 1485 umbri
360 1425 483 1497 audent,
505 1424 538 1484 δι
558 1425 653 1505 aqui,
670 1445 704 1485 ae
723 1422 808 1493 fimo.
900 1464 903 1471 ·

155 1503 158 1507 ’
218 1552 222 1560 .
257 1503 287 1564 Χ
336 1568 340 1573 ,
376 1503 398 1565 Ι.
417 1503 618 1586 Nyslegreton
637 1507 713 1566 inter
735 1527 826 1586 pauca
843 1508 901 1567 mi·

217 1602 295 1647 ratus
311 1583 352 1645 est
363 1584 570 1657 Democritus,
583 1584 690 1647 coloris
708 1585 840 1668 hysgini,
852 1587 902 1648 so·

217 1665 264 1727 lio
271 1664 356 1746 spinae
367 1686 440 1738 ,nec
452 1688 469 1726 a
480 1666 556 1727 terri
565 1665 595 1726 se
606 1666 813 1741 adtollentem,
824 1689 901 1748 prae-

216 1747 329 1828 cipuam
339 1748 368 1807 in
379 1744 524 1809 Gedrosia
535 1765 639 1810 narrat.
656 1746 724 1807 Erui
734 1746 800 1829 post
809 1751 901 1831 aequi·

216 1826 344 1888 mollium
363 1849 486 1889 vernum
505 1829 660 1902 radicitus,
676 1831 835 1911 siccarique
859 1830 899 1890 ad

216 1905 328 1966 Lunam
350 1908 464 1986 triginta
485 1908 609 1982 diebus,
627 1912 667 1969 ita
685 1910 782 1971 lucere
803 1909 900 1971 nolli·

214 1985 280 2047 bus.
302 1985 408 2126 Magos
424 1986 652 2071 Parthorumque
675 2010 758 2072 reges
780 1992 823 2050 uti
843 1992 899 2061 hae

215 2066 307 2127 berbi
330 2088 346 2125 a
382 2084 452 2129 vota
465 2067 659 2153 suscipienda.v
682 2069 828 2131 Eamdem
841 2094 898 2134 vo-

216 2150 274 2206 cari
296 2146 548 2230 chenomychon,
577 2151 713 2232 quoniam
743 2151 857 2213 anseres
880 2174 898 2222 a

150 2242 152 2248 ’
216 2228 313 2309 primo
334 2228 485 2310 conspeelu
496 2231 557 2310 ejus
568 2231 775 2313 expavescant:
786 2234 824 2293 ab
834 2233 897 2293 aliis

216 2306 391 2450 pyislasopa,
413 2314 550 2391 quoniam
563 2332 579 2372 e
592 2313 751 2394 longinquo
765 2312 898 2390 nedibus

134 2395 141 2407 “
232 2410 248 2449 u
281 2406 336 2450 eat.

257 2408 414 2533 llxxvii
443 2470 594 2534 Melilotos
624 2474 731 2555 ubique
758 2472 895 2536 nascitur:

215 2549 410 2613 laudatissima
433 2570 530 2615 tamen
546 2558 576 2615 in
589 2553 686 2615 Attici
698 2576 705 2614 ε
719 2554 896 2636 ubicumque
957 2564 959 2568 ’

213 2631 290 2706 v,vetit
320 2652 422 2695 recens
449 2656 510 2703 nec
546 2636 718 2708 candicans,
745 2635 777 2695 δι
806 2654 896 2706 croco

215 2708 304 2801 quiem
317 2712 481 2775 simillima:
499 2736 672 2798 quamquam
684 2716 716 2779 in
724 2711 895 2788 Italidodo

212 2803 303 2860 ratior
324 2794 474 2868 candida.¹
877 2858 894 2866 ,.

195 2939 220 2980 χ
