1967 3600
236 283 304 356 162
355 284 391 352 C.
418 283 590 352 Prrmr
614 280 805 350 NArun.

234 400 332 485 Magi,
345 402 370 462 si
389 401 422 462 ὃ(
439 414 584 481 unguenta
601 394 746 457 sumantur
765 416 802 457 ex
820 417 924 474 auro,

234 482 316 566 quod
335 501 447 563 apyron
461 495 588 551 vocant,
599 478 636 538 ad
654 479 773 560 gratiam
792 498 925 561 quoque

234 567 302 625 vitae
320 563 498 645 gloriamque
522 560 667 641 pertinere
685 559 874 620 arbitrantur.
883 559 927 620 Et

232 644 316 708 verni
332 642 449 782 ppidem
462 641 550 700 flores
566 640 595 699 hi
615 639 686 699 sunt.

274 721 332 783 XX
363 720 414 782 IX.
432 720 597 782 Succedunt
620 720 674 779 illis
693 717 807 793 aestivi,
829 720 927 800 lych·'

232 804 294 878 nit,
314 803 346 864 &
363 802 445 864 lovis
469 802 544 877 flos,
566 803 599 864 δι
620 802 742 861 alterum
764 821 861 882 genus
892 801 926 861 li·

235 884 276 944 lii.
301 882 375 943 Item
401 881 550 964 tiphyon,
575 884 608 943 &
634 902 804 953 amaracus,
827 901 926 962 quent

234 963 395 1044 Phrygium
413 965 627 1046 cognominant,
645 959 704 1037 Sed
723 960 924 1042 maximespe·

234 1042 342 1104 dabilis
361 1043 478 1125 pothoa.
494 1042 565 1104 Duo
574 1062 682 1124 genera
692 1039 776 1122 hujus
787 1064 795 1102 ε
808 1063 923 1115 unum,

235 1127 283 1184 cui
301 1124 357 1185 flos
374 1124 523 1205 hyacinthi
543 1121 601 1183 est:
615 1123 735 1182 alterum
752 1123 921 1195 candidius,

236 1207 287 1286 qui
302 1205 364 1265 fere
379 1204 500 1266 nascitur
516 1205 546 1263 in
563 1204 697 1274 tumulis,
713 1206 853 1285 quoniam
862 1202 924 1263 for·

237 1288 296 1346 tius
317 1287 407 1347 durat.
431 1284 470 1346 Et
487 1286 535 1346 iris
553 1283 650 1344 aestate
672 1285 768 1344 floret.
797 1283 923 1344 Abeunt

239 1367 273 1428 &
291 1367 337 1441 hi,
352 1365 595 1449 marcescuntque.
610 1365 670 1426 Alii
687 1364 780 1424 rursus
797 1363 922 1425 subeunt

242 1463 398 1508 autumno:
414 1449 529 1506 tertium
554 1467 643 1528 genus
669 1446 738 1506 lilii:
755 1447 923 1506 &crocum

218 1529 269 1588 in
287 1545 409 1610 utroque
430 1547 551 1608 genere:
569 1547 657 1587 unum
673 1525 921 1597 hebes,alterurn

240 1607 415 1669 odoratum:
430 1609 530 1688 primis
557 1609 655 1669 omnia
678 1606 819 1668 imbribus
850 1607 922 1667 emi·

240 1691 341 1749 cantia.
363 1686 517 1750 Coronarii
538 1690 658 1770 quidem
683 1688 717 1750 ὅ(
740 1687 828 1770 spinae
846 1688 921 1749 flore

239 1786 374 1832 utuntur:
389 1773 496 1853 quippe
515 1771 582 1831 clun
605 1769 692 1851 spinae
706 1770 778 1830 albae
792 1768 921 1830 caulicu-

238 1850 261 1910 li
281 1853 356 1911 inter
373 1850 585 1912 obledamenta
604 1852 677 1935 gula
704 1871 823 1933 quoque
849 1870 922 1911 con·

242 1930 364 1990 diantur.
389 1931 446 1992 Hic
466 1931 508 1992 est
521 1950 597 1993 trans
609 1934 698 1992 maria
709 1932 784 1993 ordo
802 1931 920 1992 florum.

239 2008 275 2069 In
297 2008 377 2072 ltalia
390 2012 478 2072 violis
496 2011 622 2075 succedit
641 2012 722 2074 rosa:
745 2013 812 2073 huic
833 2015 921 2073 inter·

236 2093 323 2151 venit
344 2093 454 2155 lilium:
466 2082 561 2155 r'osarn
582 2116 692 2175 cyanus
703 2096 834 2174 excipit,
852 2113 922 2175 tya-

212 2172 219 2181 '
238 2192 310 2233 num
328 2175 519 2237 amaranthus.
529 2174 606 2235 Nam
617 2173 919 2257 vincapervincasem·

239 2272 293 2395 per
309 2255 402 2328 viret,
420 2257 451 2315 in
468 2256 591 2318 modum
610 2256 693 2318 lineae
713 2255 789 2316 foliis
805 2257 919 2338 genicu-
940 2308 942 2312 .

252 2335 320 2396 atim
339 2336 532 2411 circumdata,
546 2339 668 2419 topiaria
678 2337 776 2397 herba.
789 2335 918 2418 Inopiam

239 2429 337 2475 tamen
358 2417 465 2478 flamm
483 2417 638 2500 aliquando
663 2418 786 2501 supplet.
808 2416 880 2479 Haec
902 2436 919 2475 a

238 2493 353 2558 Graecis
380 2499 607 2581 chamaedaphne
628 2518 761 2561 vocatur.

281 2576 346 2642 XL.
364 2578 434 2640 Vita
453 2581 620 2664 longissima
635 2581 723 2643 violae
739 2579 812 2641 albae
826 2580 919 2639 trima·

240 2667 282 2717 tu.
302 2657 352 2719 Ab
373 2680 410 2719 eo
433 2676 569 2741 tempore
600 2663 765 2745 degenerat.
788 2659 865 2722 Rosa
888 2659 918 2721 δι

241 2740 473 2826 (ῙιιίηφιεῑιηιὶηηιΚ
497 2741 626 2824 perfert,
649 2764 704 2805 nec
735 2739 842 2815 recisa,
867 2758 917 2798 nec

867 2822 876 2834 ο
894 2820 900 2834 Ι

236 2814 347 2884 adusta.
366 2819 422 2886 lllo
437 2824 516 2886 enim
537 2825 628 2888 modo
642 2820 811 2906 juvenescit.
835 2818 919 2883 Dan·
