1967 3600
223 245 435 317 Histoi.
455 243 530 314 Lib.
556 243 638 316 XX.
711 247 754 343 63

84 366 200 430 berein
220 363 337 426 hemint
357 363 428 424 dato
453 384 545 445 aque.
562 362 647 424 Sanat
664 365 697 428 &
714 385 760 428 tu-

82 469 182 521 mores
203 446 310 507 subitos
322 444 430 505 illitum
442 465 509 504 curn
518 444 588 509 laete
598 447 760 510 mulierum.

80 528 186 610 Purgat
208 548 255 588 eas
276 524 437 586 elaterium.
457 521 516 586 Sed
553 527 661 587 ravidis
682 529 763 588 abor·

26 612 27 615 ’
81 627 149 670 tum
165 607 239 670 facit.
255 605 423 688 suspiriosis
439 545 565 686 prodeb.
584 605 697 668 Morbo
712 617 764 669 ve-

82 692 116 750 rb
128 710 164 749 re
183 692 211 750 'o
226 691 256 748 in
269 707 354 747 nares
365 682 537 764 conjeilutn.
552 685 764 769 Lentiginesae

82 710 205 832 maculis
224 789 241 830 e
264 765 339 827 facie
358 767 435 828 tollit
450 767 481 826 in
500 764 568 827 Sole
586 767 698 830 illitum.

120 849 164 912 V.
179 849 268 910 Multi
290 846 393 909 eadem
420 848 517 908 omnia
548 846 640 910 sativis
671 849 762 911 adtri-¹

79 931 182 992 buunt.
208 929 351 1012 Magnum
374 929 503 988 etiamin
517 929 557 988 eis
566 949 760 996 momentum.

80 1011 214 1093 Namque
233 1013 266 1074 bt
283 1030 387 1071 eorum
412 1007 529 1082 semen,
546 1013 681 1090 quantbm
700 1029 760 1074 tres

79 1092 160 1176 digiti
171 1090 504 1173 adprehenderint‚cunr
519 1093 635 1152 cumino
644 1094 760 1167 tritum,

182 1173 280 1255 quein
290 1173 382 1243 vino,
401 1170 585 1232 tussientibus
601 1173 759 1236 auxiliatur.

104 1255 138 1314 ed
151 1257 185 1317 &
201 1253 367 1335 phreniticis
380 1253 409 1311 in
418 1249 490 1310 laete
508 1253 645 1312 mulieris.
656 1252 693 1312 Et
704 1255 760 1335 dy·
835 1282 839 1293 J

84 1331 224 1395 leutericis
241 1333 383 1393 acetabuli
396 1328 538 1392 mensuri.
547 1330 699 1399 Purulenta
709 1355 762 1393 au·

82 1430 139 1475 tem
157 1413 362 1496 exspuentibus
379 1432 446 1473 cum
472 1412 589 1472 cumino
606 1414 668 1493 pari
685 1433 762 1492 pon·

82 1495 165 1566 dere,
187 1492 374 1574 &iocineris
395 1493 472 1553 vitiis
498 1495 528 1552 in
560 1492 634 1576 aqui
657 1492 762 1558 mulsi.

84 1574 202 1638 Urinam
225 1593 329 1639 movet
347 1595 384 1635 ex
402 1576 473 1634 tino
496 1573 639 1653 dulci,&
661 1576 691 1634 in
714 1595 762 1635 re·

27 1668 28 1671 ’
79 1676 147 1717 rrum
163 1657 270 1718 dolore
288 1653 460 1737 clysteribus
478 1654 562 1715 simul
581 1670 647 1716 'cum
665 1658 760 1726 cutui·¹

84 1757 120 1798 no
137 1738 309 1799 infunditur.
584 1735 587 1747 '

119 1818 169 1881 Vl.
193 1820 329 1903 Pepones
346 1815 396 1900 qui
413 1834 571 1889 vocantur,
588 1815 759 1900 refrigerant
802 1877 806 1888 ,

84 1900 199 1964 nonme
219 1903 251 1961 in
269 1900 356 1971 cibo,
374 1899 407 1958 ὃ(
418 1899 569 1958 emolliunt
580 1899 687 1960 alvum.
700 1898 759 1960 Ca·

87 1999 117 2039 ro
133 2000 234 2042 eorum
255 1979 403 2062 epiphoris
422 1980 575 2040 oculorum
593 1997 640 2041 aut
655 1980 759 2041 dolori·

68 2115 71 2120 .
85 2055 133 2120 bus
143 2062 311 2143 imponitur.
321 2060 415 2128 Radix
432 2056 509 2119 sanat
523 2061 620 2121 ulcera
637 2081 758 2139 concre-

86 2155 112 2200 tt
127 2143 154 2200 iu
176 2142 301 2203 modum
317 2140 396 2213 favi,
415 2160 479 2220 quae
492 2144 566 2203 ceria
577 2156 693 2204 vocant.
705 2140 759 2202 Ea·

86 2219 148 2281 ‹letn
162 2224 306 2284 contrabit
317 2222 492 2281 vomitiones
506 2246 514 2284 ι
528 2225 667 2295 siccatiu,
682 2222 715 2283 &
727 2224 759 2283 in

79 2297 195 2364 brittam
209 2304 270 2363 tusa
284 2304 371 2371 ,datur
425 2318 508 2364 atuor
525 2306 620 2367 obolis
636 2307 666 2364 in
685 2302 760 2382 aqui

84 2383 185 2459 nubs,
196 2386 239 2445 ita
255 2402 287 2446 ut
299 2386 348 2466 qui
360 2323 481 2456 bilbili,
496 2389 670 2468 quingentos
682 2380 761 2460 post·

88 2463 219 2543 teptssus
238 2465 375 2527 ambulet.
385 2465 458 2526 Haec
472 2464 561 2524 farina
574 2468 607 2527 δι
622 2467 653 2522 in
669 2458 761 2542 integ·

92 2557 159 2602 meta
173 2544 313 2624 adjicitur.
333 2545 447 2609 Cortex
477 2567 498 2625 q
558 2563 595 2603 ue
620 2541 760 2603 vomitio-

92 2638 151 2710 περὶ
164 2643 283 2698 movet,
298 2624 403 2687 faciem
423 2640 533 2765 purfiat.
557 2699 559 2704 s
580 2622 670 2685 oc‘&
689 2620 759 2685 folia

95 2702 196 2779 turulcu
269 2705 462 2771 esuriviillita.
501 2703 758 2784 adetucuuturelle
815 2744 819 2761 .

91 2727 316 2869 &epiussbluas
335 2786 450 2853 seuam
469 2806 536 2856 euru
563 2786 658 2864 vino,
679 2789 758 2849 rank
