1967 3600
276 341 343 410 ¹42
395 312 433 387 C.
463 314 647 387 Prrurr
672 313 864 385 Narra-rr.

269 443 382 524 primus
401 433 518 497 instituit
534 434 565 494 P.
587 432 726 495 Claudius
738 433 878 507 Pulcher,
888 432 947 494 bra·¹

268 517 402 599 deasque
421 518 508 577 etiam
525 516 649 597 philyrae
669 515 759 575 dedit.

280 632 283 637 ·
312 595 489 677 V..Semper
507 612 603 656 tamen
616 594 765 655 audoritas
774 594 826 656 vel
840 594 945 655 ludicro

294 681 455 741 uaesitarunr
472 673 536 757 suit.
556 675 691 757 Namque
705 675 741 735 ad
754 678 910 735 certamina
918 678 945 734 in

268 703 389 822 'gneum
406 776 459 839 per
477 757 563 818 ludus
585 758 618 817 &
639 758 695 838 ipsi
721 755 943 829 descendebant,

267 844 303 904 &
322 838 420 899 servos
439 834 506 896 suos
524 840 630 918 quique
642 836 805 900 mittebant.
819 834 889 896 Inde
901 832 943 894 illa

270 937 330 982 xn.
347 916 509 979 tabularum
525 918 592 977 lex:
611 940 630 974 u
642 916 705 996 Qui
722 935 862 978 coronam
878 918 942 997 parit

267 1024 289 1059 n
301 998 382 1082 ipse,
401 1000 562 1080 pecuniave
582 995 644 1077 ejus
660 999 775 1058 virtutis
799 1017 869 1079 ergo
883 997 940 1055 dui·

268 1087 288 1139 η’
301 1097 348 1140 tor
361 1082 388 1140 ei
399 1105 427 1140 n.
444 1076 544 1157 Quam
561 1077 635 1155 servi
646 1079 752 1159 equive
765 1075 936 1145 meruissent,

266 1161 389 1244 pecunid
406 1177 517 1241 partam
527 1160 592 1240 lege
609 1158 782 1230 dici,nemo
800 1158 936 1218 dubitavit.
957 1160 964 1184 '

265 1241 346 1322 Quis
366 1261 435 1323 ergo
460 1240 577 1300 honos?
592 1254 624 1299 ut
635 1240 689 1320 ipsi
700 1255 820 1301 mortuo
829 1280 839 1312 ,
849 1256 936 1320 paren·

264 1320 399 1404 cibusque
420 1318 505 1403 ejus,
525 1321 595 1381 dum
614 1321 690 1379 intus
712 1321 825 1401 positus
856 1316 933 1390 esset,

264 1401 372 1464 forisve
393 1401 532 1475 ferretur,
554 1405 613 1460 sine
634 1400 734 1460 fraude
754 1397 826 1461 effer
847 1401 934 1478 impo-

264 1487 329 1544 sita.
348 1481 429 1543 Aliis
452 1483 482 1540 in
509 1479 559 1542 usu
582 1478 746 1563 promiscuo
770 1501 811 1541 ne
829 1479 932 1540 ludicre

265 1562 386 1645 quidem
407 1577 497 1623 erant.

305 1640 359 1703 VI.
376 1640 535 1724 Ingensque
556 1644 588 1705 &
605 1641 672 1702 hinc
683 1640 828 1702 severitas.
835 1639 867 1700 L.
875 1635 931 1698 Ful·

263 1726 330 1787 vius
355 1726 549 1806 argentarius,
568 1723 647 1783 bello
667 1721 775 1783 Punico
796 1718 930 1787 secundo,

264 1826 332 1866 cum
345 1805 454 1864 corond
471 1803 588 1864 rosacea
600 1805 749 1866 interdiue
763 1802 880 1886 perguld
889 1796 929 1858 sui

263 1889 294 1945 in
312 1883 408 1943 sorum
428 1882 601 1965 prospexisse
620 1885 727 1957 dinus,
742 1881 930 1944 exauuorin·

260 1981 291 2025 ae
305 1963 417 2024 senariis
429 1966 459 2023 in
472 1985 618 2025 carcerem
634 1963 790 2038 abdanus,
812 1983 867 2024 non
885 1980 929 2019 an·

259 2061 289 2105 re
307 2041 397 2104 finem
411 2043 483 2106 'belli
506 2044 619 2107 emissus
638 2045 689 2108 est.
713 2043 749 2107 P.
771 2043 928 2110 Munatius,

261 2127 328 2186 cirm
342 2125 488 2207 demptam
503 2126 587 2187 Mars
605 2148 629 2187 ae
642 2146 778 2188 coronam
791 2120 925 2186 efloribus

258 2208 347 2287 capiti
365 2204 415 2266 suo
435 2206 555 2289 imposu'
581 2225 629 2280 et,
650 2225 736 2288 atque
756 2206 795 2265 ob
818 2206 847 2265 id
869 2199 925 2261 duci

257 2306 329 2347 eum
347 2287 376 2345 in
397 2288 512 2348 vincula
522 2291 663 2349 triumviri
671 2284 828 2369 jussissent,
840 2279 926 2365 appel·

259 2368 331 2428 iavit
343 2366 473 2428 tribunos
513 2368 594 2429 lehis.
608 2367 672 2429 Nec
685 2365 864 2428 intercessere
872 2361 922 2422 illi:

258 2450 343 2509 aliter
369 2448 455 2531 quim
482 2390 628 2524 dureris,
645 2449 695 2509 ubi
721 2438 923 2509 comeffabundi

255 2526 381 2609 juvenes
397 2547 462 2590 ante
481 2532 632 2592 meridiem
650 2546 813 2591 conventus
829 2525 856 2586 sa
873 2524 924 2582 ien-

256 2613 330 2669 tium
338 2630 456 2691 quoque
466 2610 834 2693 dodrinaesrequentabam.
844 2545 921 2683 dpud

256 2708 313 2748 nos
328 2690 494 2772 exemplum
506 2693 627 2752 licentiae
638 2692 720 2770 hujus
729 2709 790 2749 non
801 2686 842 2750 est
855 2678 920 2743 aliud
967 2713 968 2750 r

254 2768 345 2903 dum
366 2767 425 2829 filia
440 2770 500 2833 divi
511 2772 558 2833 Au
579 2768 740 2850 usti‚cujus
751 2765 859 2829 luxurii
872 2781 919 2821 no-
967 2781 968 2848 {

253 2877 255 2880 ·
283 2844 348 2905 ihus
366 2868 538 2914 coronatum
560 2793 726 2934 §rsarsyam²
743 2850 832 2912 literae
854 2843 921 2905 illius

253 2924 305 2986 dei
324 2944 452 3009 gemunt.
