<?xml version="1.0" encoding="UTF-8"?>
<!DOCTYPE html PUBLIC "-//W3C//DTD XHTML 1.0 Transitional//EN"
    "http://www.w3.org/TR/xhtml1/DTD/xhtml1-transitional.dtd">
<html xmlns="http://www.w3.org/1999/xhtml" xml:lang="en" lang="en">
 <head>
  <title>
</title>
<meta http-equiv="Content-Type" content="text/html;charset=utf-8" />
  <meta name='ocr-system' content='tesseract 3.04.00' />
  <meta name='ocr-capabilities' content='ocr_page ocr_carea ocr_par ocr_line ocrx_word'/>
</head>
<body>
  <div class='ocr_page' id='page_1' title='image "./caiipliniisecun00unkngoog_0190.png"; bbox 0 0 1967 3600; ppageno 0'>
   <div class='ocr_carea' id='block_1_1' title="bbox 211 269 807 363">
    <p class='ocr_par' dir='ltr' id='par_1_1' title="bbox 211 269 807 363">
     <span class='ocr_line' id='line_1_1' title="bbox 211 269 807 363; baseline -0.007 -20"><span class='ocrx_word' id='word_1_1' title='bbox 211 269 279 363; x_wconf 78' lang='lat'>176</span> <span class='ocrx_word' id='word_1_2' title='bbox 331 269 575 339; x_wconf 67' lang='grc' dir='ltr'>ίζΡιιΝιι</span> <span class='ocrx_word' id='word_1_3' title='bbox 607 269 807 339; x_wconf 64' lang='lat' dir='ltr'>Narve.</span> 
     </span>
    </p>
   </div>
   <div class='ocr_carea' id='block_1_2' title="bbox 107 384 919 1839">
    <p class='ocr_par' dir='ltr' id='par_1_2' title="bbox 182 384 919 1515">
     <span class='ocr_line' id='line_1_2' title="bbox 198 384 910 464; baseline 0.001 -15"><span class='ocrx_word' id='word_1_4' title='bbox 198 384 264 464; x_wconf 62' lang='lat' dir='ltr'>ne,</span> <span class='ocrx_word' id='word_1_5' title='bbox 282 403 315 449; x_wconf 85' lang='lat' dir='ltr'>ut</span> <span class='ocrx_word' id='word_1_6' title='bbox 335 389 450 449; x_wconf 77' lang='lat' dir='ltr'>videtur</span> <span class='ocrx_word' id='word_1_7' title='bbox 469 386 612 447; x_wconf 84' lang='lat' dir='ltr'>Hesiodo.</span> <span class='ocrx_word' id='word_1_8' title='bbox 632 384 910 464; x_wconf 71' lang='lat' dir='ltr'>Traditur&amp;ante</span> 
     </span>
     <span class='ocr_line' id='line_1_3' title="bbox 212 466 907 550; baseline -0.003 -20"><span class='ocrx_word' id='word_1_9' title='bbox 212 487 313 550; x_wconf 80' lang='lat' dir='ltr'>portas</span> <span class='ocrx_word' id='word_1_10' title='bbox 331 470 463 530; x_wconf 84' lang='lat' dir='ltr'>villarum</span> <span class='ocrx_word' id='word_1_11' title='bbox 485 467 591 540; x_wconf 85' lang='lat' dir='ltr'>satum,</span> <span class='ocrx_word' id='word_1_12' title='bbox 604 468 735 528; x_wconf 86' lang='lat' dir='ltr'>remedio</span> <span class='ocrx_word' id='word_1_13' title='bbox 749 466 807 528; x_wconf 83' lang='lat' dir='ltr'>elle</span> <span class='ocrx_word' id='word_1_14' title='bbox 820 487 907 529; x_wconf 79' lang='lat' dir='ltr'>con·</span> 
     </span>
     <span class='ocr_line' id='line_1_4' title="bbox 213 547 908 628; baseline -0.001 -19"><span class='ocrx_word' id='word_1_15' title='bbox 213 568 258 609; x_wconf 82' lang='lat' dir='ltr'>tra</span> <span class='ocrx_word' id='word_1_16' title='bbox 276 548 484 610; x_wconf 83' lang='lat' dir='ltr'>veneficiorum</span> <span class='ocrx_word' id='word_1_17' title='bbox 504 550 629 608; x_wconf 78' lang='lat' dir='ltr'>noxiam.</span> <span class='ocrx_word' id='word_1_18' title='bbox 641 547 803 628; x_wconf 77' lang='lat' dir='ltr'>Asphodeli</span> <span class='ocrx_word' id='word_1_19' title='bbox 812 570 908 610; x_wconf 85' lang='lat' dir='ltr'>men·</span> 
     </span>
     <span class='ocr_line' id='line_1_5' title="bbox 212 627 906 708; baseline -0.001 -18"><span class='ocrx_word' id='word_1_20' title='bbox 212 633 324 692; x_wconf 79' lang='lat' dir='ltr'>aionem</span> <span class='ocrx_word' id='word_1_21' title='bbox 344 631 376 690; x_wconf 90' lang='lat'>&amp;</span> <span class='ocrx_word' id='word_1_22' title='bbox 390 629 539 688; x_wconf 81' lang='lat' dir='ltr'>Homerus</span> <span class='ocrx_word' id='word_1_23' title='bbox 553 627 631 689; x_wconf 84' lang='lat' dir='ltr'>fecit.</span> <span class='ocrx_word' id='word_1_24' title='bbox 648 628 742 689; x_wconf 80' lang='lat' dir='ltr'>Radix</span> <span class='ocrx_word' id='word_1_25' title='bbox 760 628 822 708; x_wconf 88' lang='lat' dir='ltr'>ejus</span> <span class='ocrx_word' id='word_1_26' title='bbox 844 635 906 689; x_wconf 80' lang='lat' dir='ltr'>na-</span> 
     </span>
     <span class='ocr_line' id='line_1_6' title="bbox 199 707 919 791; baseline 0.006 -22"><span class='ocrx_word' id='word_1_27' title='bbox 199 709 259 791; x_wconf 76' lang='lat' dir='ltr'>‘pis</span> <span class='ocrx_word' id='word_1_28' title='bbox 281 710 400 770; x_wconf 84' lang='lat' dir='ltr'>modicis</span> <span class='ocrx_word' id='word_1_29' title='bbox 421 708 520 768; x_wconf 85' lang='lat' dir='ltr'>similis</span> <span class='ocrx_word' id='word_1_30' title='bbox 531 707 590 769; x_wconf 87' lang='lat' dir='ltr'>est:</span> <span class='ocrx_word' id='word_1_31' title='bbox 603 729 697 790; x_wconf 88' lang='lat' dir='ltr'>neque</span> <span class='ocrx_word' id='word_1_32' title='bbox 714 709 770 769; x_wconf 86' lang='lat' dir='ltr'>alia</span> <span class='ocrx_word' id='word_1_33' title='bbox 791 730 919 773; x_wconf 19' lang='lat' dir='ltr'>nume-r</span> 
     </span>
     <span class='ocr_line' id='line_1_7' title="bbox 210 789 905 871; baseline 0.001 -22"><span class='ocrx_word' id='word_1_34' title='bbox 210 792 331 861; x_wconf 77' lang='lat' dir='ltr'>aosior,</span> <span class='ocrx_word' id='word_1_35' title='bbox 346 806 444 849; x_wconf 81' lang='lat' dir='ltr'><strong>Lxxx.</strong></span> <span class='ocrx_word' id='word_1_36' title='bbox 469 789 554 849; x_wconf 83' lang='lat' dir='ltr'>simul</span> <span class='ocrx_word' id='word_1_37' title='bbox 574 792 714 850; x_wconf 74' lang='lat' dir='ltr'>acervatis</span> <span class='ocrx_word' id='word_1_38' title='bbox 732 789 807 871; x_wconf 71' lang='lat' dir='ltr'>sape</span> <span class='ocrx_word' id='word_1_39' title='bbox 829 790 905 851; x_wconf 91' lang='lat' dir='ltr'>bul·</span> 
     </span>
     <span class='ocr_line' id='line_1_8' title="bbox 212 867 905 951; baseline -0.006 -17"><span class='ocrx_word' id='word_1_40' title='bbox 212 871 267 934; x_wconf 80' lang='lat' dir='ltr'>bis.</span> <span class='ocrx_word' id='word_1_41' title='bbox 286 867 521 951; x_wconf 73' lang='lat' dir='ltr'>Theophrastus,</span> <span class='ocrx_word' id='word_1_42' title='bbox 538 872 571 931; x_wconf 72' lang='grc' dir='ltr'>δι</span> <span class='ocrx_word' id='word_1_43' title='bbox 588 868 650 930; x_wconf 87' lang='lat' dir='ltr'>fere</span> <span class='ocrx_word' id='word_1_44' title='bbox 669 868 789 944; x_wconf 82' lang='lat' dir='ltr'>Graeci,</span> <span class='ocrx_word' id='word_1_45' title='bbox 813 874 905 951; x_wconf 75' lang='lat' dir='ltr'>prin-</span> 
     </span>
     <span class='ocr_line' id='line_1_9' title="bbox 210 946 905 1031; baseline 0.004 -22"><span class='ocrx_word' id='word_1_46' title='bbox 210 948 336 1031; x_wconf 85' lang='lat' dir='ltr'>cepsque</span> <span class='ocrx_word' id='word_1_47' title='bbox 359 949 452 1031; x_wconf 80' lang='lat' dir='ltr'>Pytha</span> <span class='ocrx_word' id='word_1_48' title='bbox 471 971 554 1025; x_wconf 90' lang='lat' dir='ltr'>oras,</span> <span class='ocrx_word' id='word_1_49' title='bbox 568 951 680 1010; x_wconf 86' lang='lat' dir='ltr'>caulem</span> <span class='ocrx_word' id='word_1_50' title='bbox 701 946 765 1031; x_wconf 77' lang='lat' dir='ltr'>ejus</span> <span class='ocrx_word' id='word_1_51' title='bbox 782 952 905 1012; x_wconf 86' lang='lat' dir='ltr'>cubita·</span> 
     </span>
     <span class='ocr_line' id='line_1_10' title="bbox 212 970 904 1114; baseline 0.004 -25"><span class='ocrx_word' id='word_1_52' title='bbox 212 1031 272 1090; x_wconf 88' lang='lat' dir='ltr'>lem</span> <span class='ocrx_word' id='word_1_53' title='bbox 280 1056 293 1101; x_wconf 91' lang='lat'>,·</span> <span class='ocrx_word' id='word_1_54' title='bbox 310 1032 343 1091; x_wconf 91' lang='lat'>&amp;</span> <span class='ocrx_word' id='word_1_55' title='bbox 362 1029 436 1112; x_wconf 84' lang='lat' dir='ltr'>saepe</span> <span class='ocrx_word' id='word_1_56' title='bbox 450 970 540 1091; x_wconf 75' lang='lat' dir='ltr'>dudm</span> <span class='ocrx_word' id='word_1_57' title='bbox 552 1029 821 1105; x_wconf 81' lang='lat' dir='ltr'>cubitorum,foliis</span> <span class='ocrx_word' id='word_1_58' title='bbox 831 1037 904 1114; x_wconf 58' lang='lat' dir='ltr'>poi»</span> 
     </span>
     <span class='ocr_line' id='line_1_11' title="bbox 212 1108 904 1178; baseline 0.004 -8"><span class='ocrx_word' id='word_1_59' title='bbox 212 1108 390 1178; x_wconf 76' lang='lat' dir='ltr'>aisilvellris</span> <span class='ocrx_word' id='word_1_60' title='bbox 410 1111 576 1172; x_wconf 79' lang='lat' dir='ltr'>anthericnn</span> <span class='ocrx_word' id='word_1_61' title='bbox 591 1130 738 1172; x_wconf 74' lang='lat' dir='ltr'>vocavere</span> <span class='ocrx_word' id='word_1_62' title='bbox 749 1112 904 1173; x_wconf 80' lang='lat' dir='ltr'>:radicem</span> 
     </span>
     <span class='ocr_line' id='line_1_12' title="bbox 209 1190 905 1274; baseline 0.006 -25"><span class='ocrx_word' id='word_1_63' title='bbox 209 1194 305 1262; x_wconf 65' lang='lat' dir='ltr'>scere,</span> <span class='ocrx_word' id='word_1_64' title='bbox 326 1191 356 1252; x_wconf 87' lang='lat' dir='ltr'>id</span> <span class='ocrx_word' id='word_1_65' title='bbox 373 1190 438 1264; x_wconf 73' lang='lat' dir='ltr'>est,</span> <span class='ocrx_word' id='word_1_66' title='bbox 457 1191 580 1265; x_wconf 81' lang='lat' dir='ltr'>balbos,</span> <span class='ocrx_word' id='word_1_67' title='bbox 591 1190 778 1274; x_wconf 84' lang='lat' dir='ltr'><strong>asphodelon.</strong></span> <span class='ocrx_word' id='word_1_68' title='bbox 794 1191 905 1253; x_wconf 76' lang='lat' dir='ltr'>Nostri</span> 
     </span>
     <span class='ocr_line' id='line_1_13' title="bbox 184 1271 904 1352; baseline 0.003 -21"><span class='ocrx_word' id='word_1_69' title='bbox 184 1287 186 1292; x_wconf 84' lang='grc'><strong>’</strong></span> <span class='ocrx_word' id='word_1_70' title='bbox 212 1272 288 1333; x_wconf 85' lang='lat' dir='ltr'>illud</span> <span class='ocrx_word' id='word_1_71' title='bbox 307 1272 441 1332; x_wconf 79' lang='lat' dir='ltr'>albucum</span> <span class='ocrx_word' id='word_1_72' title='bbox 460 1281 587 1344; x_wconf 82' lang='lat' dir='ltr'>vocant,</span> <span class='ocrx_word' id='word_1_73' title='bbox 604 1271 837 1352; x_wconf 80' lang='lat' dir='ltr'>&amp;asphodelum</span> <span class='ocrx_word' id='word_1_74' title='bbox 849 1275 904 1333; x_wconf 77' lang='lat' dir='ltr'>ha·</span> 
     </span>
     <span class='ocr_line' id='line_1_14' title="bbox 213 1352 905 1437; baseline 0 -22"><span class='ocrx_word' id='word_1_75' title='bbox 213 1352 319 1416; x_wconf 73' lang='lat' dir='ltr'>stulam</span> <span class='ocrx_word' id='word_1_76' title='bbox 337 1355 465 1435; x_wconf 83' lang='lat' dir='ltr'>regiam,</span> <span class='ocrx_word' id='word_1_77' title='bbox 484 1353 571 1413; x_wconf 85' lang='lat' dir='ltr'>caulis</span> <span class='ocrx_word' id='word_1_78' title='bbox 582 1355 706 1413; x_wconf 85' lang='lat' dir='ltr'>acinosi:</span> <span class='ocrx_word' id='word_1_79' title='bbox 724 1374 757 1413; x_wconf 88' lang='lat' dir='ltr'>ac</span> <span class='ocrx_word' id='word_1_80' title='bbox 769 1353 828 1414; x_wconf 89' lang='lat' dir='ltr'>duo</span> <span class='ocrx_word' id='word_1_81' title='bbox 850 1374 905 1437; x_wconf 84' lang='lat' dir='ltr'>ge·</span> 
     </span>
     <span class='ocr_line' id='line_1_15' title="bbox 182 1431 904 1515; baseline 0.003 -21"><span class='ocrx_word' id='word_1_82' title='bbox 182 1472 183 1475; x_wconf 60' lang='lat'><em>=</em></span> <span class='ocrx_word' id='word_1_83' title='bbox 214 1455 287 1494; x_wconf 85' lang='lat' dir='ltr'>nera</span> <span class='ocrx_word' id='word_1_84' title='bbox 307 1432 422 1494; x_wconf 85' lang='lat' dir='ltr'>faciunt.</span> <span class='ocrx_word' id='word_1_85' title='bbox 443 1432 561 1493; x_wconf 86' lang='lat' dir='ltr'>Albuco</span> <span class='ocrx_word' id='word_1_86' title='bbox 578 1431 904 1515; x_wconf 70' lang='lat' dir='ltr'>estscapuscubitalis&#39;,</span> 
     </span>
    </p>

    <p class='ocr_par' dir='ltr' id='par_1_3' title="bbox 107 1510 903 1677">
     <span class='ocr_line' id='line_1_16' title="bbox 107 1510 903 1595; baseline 0.003 -20"><span class='ocrx_word' id='word_1_87' title='bbox 107 1539 110 1547; x_wconf 68' lang='lat'>¹</span> <span class='ocrx_word' id='word_1_88' title='bbox 205 1514 347 1594; x_wconf 74' lang='lat' dir='ltr'>amplus,</span> <span class='ocrx_word' id='word_1_89' title='bbox 366 1534 470 1593; x_wconf 86' lang='lat' dir='ltr'>purus,</span> <span class='ocrx_word' id='word_1_90' title='bbox 482 1514 573 1573; x_wconf 71' lang='lat' dir='ltr'>laevia.</span> <span class='ocrx_word' id='word_1_91' title='bbox 589 1510 637 1573; x_wconf 90' lang='lat' dir='ltr'>De</span> <span class='ocrx_word' id='word_1_92' title='bbox 650 1534 709 1594; x_wconf 88' lang='lat' dir='ltr'>quo</span> <span class='ocrx_word' id='word_1_93' title='bbox 720 1513 812 1595; x_wconf 84' lang='lat' dir='ltr'>Mago</span> <span class='ocrx_word' id='word_1_94' title='bbox 844 1536 903 1576; x_wconf 74' lang='lat' dir='ltr'>rae-</span> 
     </span>
     <span class='ocr_line' id='line_1_17' title="bbox 214 1538 903 1677; baseline 0.001 -22"><span class='ocrx_word' id='word_1_95' title='bbox 214 1596 307 1675; x_wconf 87' lang='lat' dir='ltr'>cipit‚</span> <span class='ocrx_word' id='word_1_96' title='bbox 322 1596 401 1655; x_wconf 86' lang='lat' dir='ltr'>exitu</span> <span class='ocrx_word' id='word_1_97' title='bbox 418 1596 526 1655; x_wconf 86' lang='lat' dir='ltr'>mensis</span> <span class='ocrx_word' id='word_1_98' title='bbox 541 1593 697 1665; x_wconf 79' lang='lat' dir='ltr'>Martii‚&amp;</span> <span class='ocrx_word' id='word_1_99' title='bbox 714 1596 798 1654; x_wconf 80' lang='lat' dir='ltr'>initio</span> <span class='ocrx_word' id='word_1_100' title='bbox 809 1538 903 1677; x_wconf 52' lang='grc' dir='ltr'>Χρή-</span> 
     </span>
    </p>

    <p class='ocr_par' dir='ltr' id='par_1_4' title="bbox 205 1672 901 1839">
     <span class='ocr_line' id='line_1_18' title="bbox 205 1672 901 1757; baseline 0.006 -24"><span class='ocrx_word' id='word_1_101' title='bbox 205 1673 272 1746; x_wconf 80' lang='lat' dir='ltr'>lis,</span> <span class='ocrx_word' id='word_1_102' title='bbox 295 1676 361 1744; x_wconf 82' lang='lat' dir='ltr'>clun</span> <span class='ocrx_word' id='word_1_103' title='bbox 379 1673 530 1748; x_wconf 81' lang='lat' dir='ltr'>floruerit,</span> <span class='ocrx_word' id='word_1_104' title='bbox 547 1675 675 1735; x_wconf 89' lang='lat' dir='ltr'>nondum</span> <span class='ocrx_word' id='word_1_105' title='bbox 699 1672 808 1735; x_wconf 87' lang='lat' dir='ltr'>semine</span> <span class='ocrx_word' id='word_1_106' title='bbox 831 1676 901 1757; x_wconf 70' lang='lat' dir='ltr'>ejus</span> 
     </span>
     <span class='ocr_line' id='line_1_19' title="bbox 214 1751 901 1839; baseline 0.007 -25"><span class='ocrx_word' id='word_1_107' title='bbox 214 1754 440 1831; x_wconf 84' lang='lat' dir='ltr'>intumescente,</span> <span class='ocrx_word' id='word_1_108' title='bbox 455 1754 673 1816; x_wconf 85' lang='lat' dir='ltr'>demetendum:</span> <span class='ocrx_word' id='word_1_109' title='bbox 685 1751 901 1839; x_wconf 79' lang='lat' dir='ltr'>findendosque</span> 
     </span>
    </p>
   </div>
   <div class='ocr_carea' id='block_1_3' title="bbox 156 1828 902 1978">
    <p class='ocr_par' dir='ltr' id='par_1_5' title="bbox 156 1828 902 1978">
     <span class='ocr_line' id='line_1_20' title="bbox 156 1828 902 1978; baseline 0.005 -84"><span class='ocrx_word' id='word_1_110' title='bbox 156 1856 159 1862; x_wconf 72' lang='grc'>’</span> <span class='ocrx_word' id='word_1_111' title='bbox 212 1834 380 1915; x_wconf 76' lang='lat' dir='ltr'>scapos‚&amp;</span> <span class='ocrx_word' id='word_1_112' title='bbox 397 1846 500 1916; x_wconf 82' lang='lat' dir='ltr'>quarto</span> <span class='ocrx_word' id='word_1_113' title='bbox 520 1837 566 1896; x_wconf 87' lang='lat' dir='ltr'>die</span> <span class='ocrx_word' id='word_1_114' title='bbox 584 1839 613 1895; x_wconf 89' lang='lat' dir='ltr'>in</span> <span class='ocrx_word' id='word_1_115' title='bbox 622 1828 726 1897; x_wconf 65' lang='lat' dir='ltr'>&#39;Solem</span> <span class='ocrx_word' id='word_1_116' title='bbox 738 1836 902 1978; x_wconf 40' lang='lat' dir='ltr'>K{uoluen-</span> 
     </span>
    </p>
   </div>
   <div class='ocr_carea' id='block_1_4' title="bbox 151 1915 902 2802">
    <p class='ocr_par' dir='ltr' id='par_1_6' title="bbox 151 1915 902 2802">
     <span class='ocr_line' id='line_1_21' title="bbox 213 1915 901 1997; baseline 0.007 -22"><span class='ocrx_word' id='word_1_117' title='bbox 213 1916 271 1975; x_wconf 89' lang='lat' dir='ltr'>dos</span> <span class='ocrx_word' id='word_1_118' title='bbox 282 1938 289 1975; x_wconf 88' lang='lat'>:</span> <span class='ocrx_word' id='word_1_119' title='bbox 299 1918 338 1977; x_wconf 85' lang='lat' dir='ltr'>ita</span> <span class='ocrx_word' id='word_1_120' title='bbox 347 1919 457 1978; x_wconf 85' lang='lat' dir='ltr'>siccatis</span> <span class='ocrx_word' id='word_1_121' title='bbox 470 1916 632 1997; x_wconf 85' lang='lat' dir='ltr'>manipulos</span> <span class='ocrx_word' id='word_1_122' title='bbox 644 1915 736 1977; x_wconf 84' lang='lat' dir='ltr'>facien</span> <span class='ocrx_word' id='word_1_123' title='bbox 757 1938 802 1978; x_wconf 88' lang='lat' dir='ltr'>os.</span> <span class='ocrx_word' id='word_1_124' title='bbox 813 1918 901 1980; x_wconf 80' lang='lat' dir='ltr'>Idem</span> 
     </span>
     <span class='ocr_line' id='line_1_22' title="bbox 216 1994 900 2078; baseline 0.01 -24"><span class='ocrx_word' id='word_1_125' title='bbox 216 1994 443 2077; x_wconf 76' lang='lat' dir='ltr'>pillanamdicit</span> <span class='ocrx_word' id='word_1_126' title='bbox 455 1996 471 2054; x_wconf 84' lang='lat' dir='ltr'>a</span> <span class='ocrx_word' id='word_1_127' title='bbox 482 1994 593 2058; x_wconf 84' lang='lat' dir='ltr'>Graecis</span> <span class='ocrx_word' id='word_1_128' title='bbox 609 2000 724 2069; x_wconf 85' lang='lat' dir='ltr'>vocari,</span> <span class='ocrx_word' id='word_1_129' title='bbox 743 2020 834 2078; x_wconf 83' lang='lat' dir='ltr'>quam</span> <span class='ocrx_word' id='word_1_130' title='bbox 851 2003 900 2060; x_wconf 76' lang='lat' dir='ltr'>in&#39;·</span> 
     </span>
     <span class='ocr_line' id='line_1_23' title="bbox 151 2074 902 2159; baseline 0.004 -22"><span class='ocrx_word' id='word_1_131' title='bbox 151 2126 153 2137; x_wconf 91' lang='lat'>.</span> <span class='ocrx_word' id='word_1_132' title='bbox 214 2094 261 2135; x_wconf 84' lang='lat' dir='ltr'>aer</span> <span class='ocrx_word' id='word_1_133' title='bbox 270 2074 488 2157; x_wconf 84' lang='lat' dir='ltr'>ulvassagittam</span> <span class='ocrx_word' id='word_1_134' title='bbox 499 2078 685 2159; x_wconf 86' lang='lat' dir='ltr'>appellamus.</span> <span class='ocrx_word' id='word_1_135' title='bbox 700 2078 785 2139; x_wconf 85' lang='lat' dir='ltr'>Hanc</span> <span class='ocrx_word' id='word_1_136' title='bbox 795 2080 902 2142; x_wconf 85' lang='lat' dir='ltr'>abldi·</span> 
     </span>
     <span class='ocr_line' id='line_1_24' title="bbox 215 2154 900 2237; baseline 0.004 -20"><span class='ocrx_word' id='word_1_137' title='bbox 215 2157 270 2217; x_wconf 80' lang='lat' dir='ltr'>bus</span> <span class='ocrx_word' id='word_1_138' title='bbox 287 2154 358 2216; x_wconf 86' lang='lat' dir='ltr'>Maii</span> <span class='ocrx_word' id='word_1_139' title='bbox 376 2156 464 2237; x_wconf 86' lang='lat' dir='ltr'>usquc</span> <span class='ocrx_word' id='word_1_140' title='bbox 485 2158 628 2218; x_wconf 86' lang='lat' dir='ltr'>adfinem</span> <span class='ocrx_word' id='word_1_141' title='bbox 648 2157 787 2221; x_wconf 69' lang='lat' dir='ltr'>Odohris</span> <span class='ocrx_word' id='word_1_142' title='bbox 812 2162 900 2222; x_wconf 66' lang='lat' dir='ltr'>men&#39;·</span> 
     </span>
     <span class='ocr_line' id='line_1_25' title="bbox 210 2236 900 2320; baseline 0.01 -26"><span class='ocrx_word' id='word_1_143' title='bbox 210 2238 257 2295; x_wconf 76' lang='lat' dir='ltr'>sis</span> <span class='ocrx_word' id='word_1_144' title='bbox 276 2236 462 2312; x_wconf 73' lang='lat' dir='ltr'>decoaticari,</span> <span class='ocrx_word' id='word_1_145' title='bbox 478 2256 564 2318; x_wconf 82' lang='lat' dir='ltr'>atque</span> <span class='ocrx_word' id='word_1_146' title='bbox 581 2239 639 2298; x_wconf 88' lang='lat' dir='ltr'>leni</span> <span class='ocrx_word' id='word_1_147' title='bbox 655 2237 723 2298; x_wconf 91' lang='lat' dir='ltr'>Sole</span> <span class='ocrx_word' id='word_1_148' title='bbox 739 2242 842 2300; x_wconf 84' lang='lat' dir='ltr'>siccari</span> <span class='ocrx_word' id='word_1_149' title='bbox 853 2240 900 2320; x_wconf 81' lang='lat' dir='ltr'>ju&#39;</span> 
     </span>
     <span class='ocr_line' id='line_1_26' title="bbox 214 2314 899 2404; baseline 0.004 -24"><span class='ocrx_word' id='word_1_150' title='bbox 214 2317 277 2380; x_wconf 83' lang='lat' dir='ltr'>bet.</span> <span class='ocrx_word' id='word_1_151' title='bbox 297 2314 381 2378; x_wconf 84' lang='lat' dir='ltr'>Idem</span> <span class='ocrx_word' id='word_1_152' title='bbox 401 2319 434 2380; x_wconf 86' lang='lat'>&amp;</span> <span class='ocrx_word' id='word_1_153' title='bbox 458 2318 616 2400; x_wconf 80' lang='lat' dir='ltr'>gladiolum</span> <span class='ocrx_word' id='word_1_154' title='bbox 642 2320 785 2393; x_wconf 73' lang='lat' dir='ltr'>alterum,</span> <span class='ocrx_word' id='word_1_155' title='bbox 809 2326 899 2404; x_wconf 79' lang='lat' dir='ltr'>quem</span> 
     </span>
     <span class='ocr_line' id='line_1_27' title="bbox 215 2398 900 2481; baseline 0.004 -22"><span class='ocrx_word' id='word_1_156' title='bbox 215 2398 344 2480; x_wconf 79' lang='lat' dir='ltr'>cypieon</span> <span class='ocrx_word' id='word_1_157' title='bbox 361 2416 486 2468; x_wconf 80' lang='lat' dir='ltr'>uocant,</span> <span class='ocrx_word' id='word_1_158' title='bbox 503 2400 535 2460; x_wconf 78' lang='lat' dir='ltr'>dc</span> <span class='ocrx_word' id='word_1_159' title='bbox 557 2398 648 2481; x_wconf 86' lang='lat' dir='ltr'>ipsum</span> <span class='ocrx_word' id='word_1_160' title='bbox 667 2400 822 2480; x_wconf 86' lang='lat' dir='ltr'>palustrem</span> <span class='ocrx_word' id='word_1_161' title='bbox 833 2448 842 2471; x_wconf 90' lang='lat'><em>‚</em></span> <span class='ocrx_word' id='word_1_162' title='bbox 853 2401 900 2464; x_wconf 87' lang='lat' dir='ltr'>Ju-</span> 
     </span>
     <span class='ocr_line' id='line_1_28' title="bbox 212 2477 899 2559; baseline 0.007 -21"><span class='ocrx_word' id='word_1_163' title='bbox 212 2480 258 2539; x_wconf 86' lang='lat' dir='ltr'>lio</span> <span class='ocrx_word' id='word_1_164' title='bbox 281 2477 377 2547; x_wconf 85' lang='lat' dir='ltr'>mense</span> <span class='ocrx_word' id='word_1_165' title='bbox 394 2496 460 2541; x_wconf 82' lang='lat' dir='ltr'>toto</span> <span class='ocrx_word' id='word_1_166' title='bbox 480 2477 669 2559; x_wconf 72' lang='lat' dir='ltr'>secari&#39;jubet</span> <span class='ocrx_word' id='word_1_167' title='bbox 693 2480 733 2543; x_wconf 66' lang='lat' dir='ltr'>ad⁴</span> <span class='ocrx_word' id='word_1_168' title='bbox 749 2482 899 2556; x_wconf 78' lang='lat' dir='ltr'>radicem&#39;,</span> 
     </span>
     <span class='ocr_line' id='line_1_29' title="bbox 212 2560 900 2641; baseline 0.004 -22"><span class='ocrx_word' id='word_1_169' title='bbox 212 2560 363 2641; x_wconf 69' lang='lat' dir='ltr'>senioque</span> <span class='ocrx_word' id='word_1_170' title='bbox 383 2561 431 2623; x_wconf 84' lang='lat' dir='ltr'>die</span> <span class='ocrx_word' id='word_1_171' title='bbox 451 2563 481 2621; x_wconf 87' lang='lat' dir='ltr'>in</span> <span class='ocrx_word' id='word_1_172' title='bbox 502 2560 569 2623; x_wconf 88' lang='lat' dir='ltr'>Sole</span> <span class='ocrx_word' id='word_1_173' title='bbox 590 2563 704 2634; x_wconf 70' lang='lat' dir='ltr'>sicem,</span> <span class='ocrx_word' id='word_1_174' title='bbox 717 2561 813 2622; x_wconf 85' lang='lat' dir='ltr'>donec</span> <span class='ocrx_word' id='word_1_175' title='bbox 831 2579 900 2622; x_wconf 80' lang='lat' dir='ltr'>can·-</span> 
     </span>
     <span class='ocr_line' id='line_1_30' title="bbox 216 2639 899 2718; baseline 0.004 -19"><span class='ocrx_word' id='word_1_176' title='bbox 216 2640 302 2703; x_wconf 86' lang='lat' dir='ltr'>dldus</span> <span class='ocrx_word' id='word_1_177' title='bbox 325 2639 383 2701; x_wconf 85' lang='lat' dir='ltr'>fiat.</span> <span class='ocrx_word' id='word_1_178' title='bbox 406 2640 552 2718; x_wconf 87' lang='lat' dir='ltr'>Quotidie</span> <span class='ocrx_word' id='word_1_179' title='bbox 576 2657 674 2702; x_wconf 85' lang='lat' dir='ltr'>autem</span> <span class='ocrx_word' id='word_1_180' title='bbox 704 2659 770 2702; x_wconf 85' lang='lat' dir='ltr'>ante</span> <span class='ocrx_word' id='word_1_181' title='bbox 797 2641 899 2705; x_wconf 85' lang='lat' dir='ltr'>Solem</span> 
     </span>
     <span class='ocr_line' id='line_1_31' title="bbox 214 2720 900 2802; baseline 0.007 -26"><span class='ocrx_word' id='word_1_182' title='bbox 214 2720 401 2780; x_wconf 83' lang='lat' dir='ltr'>occidentem</span> <span class='ocrx_word' id='word_1_183' title='bbox 429 2724 458 2780; x_wconf 82' lang='lat' dir='ltr'>in</span> <span class='ocrx_word' id='word_1_184' title='bbox 481 2721 586 2781; x_wconf 73' lang='lat' dir='ltr'>teuum</span> <span class='ocrx_word' id='word_1_185' title='bbox 605 2720 727 2799; x_wconf 80' lang='lat' dir='ltr'>referri,</span> <span class='ocrx_word' id='word_1_186' title='bbox 758 2727 900 2802; x_wconf 82' lang='lat' dir='ltr'>quoniam</span> 
     </span>
    </p>
   </div>
   <div class='ocr_carea' id='block_1_5' title="bbox 216 2796 900 2943">
    <p class='ocr_par' dir='ltr' id='par_1_7' title="bbox 216 2796 900 2943">
     <span class='ocr_line' id='line_1_32' title="bbox 216 2796 900 2895; baseline 0.018 -42"><span class='ocrx_word' id='word_1_187' title='bbox 216 2796 386 2879; x_wconf 81' lang='lat' dir='ltr'>palustribus</span> <span class='ocrx_word' id='word_1_188' title='bbox 422 2799 544 2865; x_wconf 65' lang='lat' dir='ltr'>delestis,</span> <span class='ocrx_word' id='word_1_189' title='bbox 573 2800 706 2865; x_wconf 75' lang='lat' dir='ltr'>nollucni</span> <span class='ocrx_word' id='word_1_190' title='bbox 733 2822 815 2867; x_wconf 80' lang='lat' dir='ltr'>rores</span> <span class='ocrx_word' id='word_1_191' title='bbox 843 2824 900 2895; x_wconf 72' lang='lat' dir='ltr'>nn-</span> 
     </span>
     <span class='ocr_line' id='line_1_33' title="bbox 216 2893 869 2943; baseline 0.021 -7"><span class='ocrx_word' id='word_1_192' title='bbox 216 2893 310 2943; x_wconf 75' lang='lat' dir='ltr'>ceant.</span> <span class='ocrx_word' id='word_1_193' title='bbox 610 2900 613 2906; x_wconf 82' lang='lat'>&#39;</span> <span class='ocrx_word' id='word_1_194' title='bbox 836 2901 839 2908; x_wconf 84' lang='lat'>&#39;</span> <span class='ocrx_word' id='word_1_195' title='bbox 865 2902 869 2907; x_wconf 87' lang='lat'>&#39;</span> 
     </span>
    </p>
   </div>
   <div class='ocr_carea' id='block_1_6' title="bbox 705 3005 732 3067">
    <p class='ocr_par' dir='ltr' id='par_1_8' title="bbox 705 3005 732 3067">
     <span class='ocr_line' id='line_1_34' title="bbox 705 3005 732 3067; baseline 0 0"><span class='ocrx_word' id='word_1_196' title='bbox 705 3005 732 3067; x_wconf 62' lang='grc' dir='ltr'>ἱ</span> 
     </span>
    </p>
   </div>
   <div class='ocr_carea' id='block_1_7' title="bbox 0 0 988 3600">
    <p class='ocr_par' dir='ltr' id='par_1_9' title="bbox 0 0 988 3600">
     <span class='ocr_line' id='line_1_35' title="bbox 0 0 988 3600; baseline 0 0"><span class='ocrx_word' id='word_1_197' title='bbox 0 0 988 3600; x_wconf 95' lang='lat' dir='ltr'> </span> 
     </span>
    </p>
   </div>
  </div>
 </body>
</html>
