1967 3600
213 357 220 430 ὲ
281 353 351 426 234
408 329 664 400 C.Prrnrr
691 327 900 404 Ninon..

278 451 377 534 fungi,
397 449 446 532 qui
472 448 510 507 in¹
530 443 686 527 coquendo
710 444 844 507 duriores
873 433 960 508 fient:

277 531 510 597 innocentiores,
524 528 573 607 qui
599 528 679 587 nitro
702 525 804 587 addito
828 547 964 610 coquen-

178 663 180 668 ,
278 629 343 686 tur,
359 612 382 671 sl
397 610 495 690 utique
535 604 962 690 ercoquantur.Tutioreslimt

277 711 348 756 turn
364 709 448 751 carne
469 708 506 749 co
535 690 563 762 '‚
579 704 628 748 aut
644 707 712 750 curn
769 687 873 748 diculo
895 689 960 770 piri.

278 769 448 836 Prosunt&
466 770 529 851 pira
549 767 701 830 confestim
731 787 841 850 umpra.
852 767 961 830 Debet

278 853 389 912 lateus
407 852 441 913 &
462 850 538 911 aceti
553 867 672 922 natura,
688 851 832 910 contraria
854 851 902 910 iis.

318 930 456 993 XLVIII.
479 929 625 990 Imbribus
653 931 834 1012 proveniunt
863 931 959 990 omnia

277 1011 352 1072 ltaec.
362 1010 460 1073 lntbre
472 1013 505 1073 &
515 1012 651 1093 silphion,
666 1010 757 1070 Venit
789 1011 866 1071 rituli
876 1031 893 1071 e
902 1008 958 1091 Cy-

278 1094 376 1164 renis,
398 1109 430 1153 ut
445 1090 553 1151 ditium
569 1090 619 1152 est.
638 1090 682 1151 Ex
701 1032 788 1172 Syril
804 1111 885 1151 nunc
904 1111 959 1151 nu·

280 1169 955 1315 instituistis

281 1354 338 1409 co,
355 1352 387 1395 ut
401 1296 630 1395 diximus'Usus‘
643 1331 739 1413 silphii
752 1335 783 1391 in
799 1274 953 1393 meydiciui:

280 1413 437 1487 foliorum,
453 1415 489 1474 ad
503 1412 663 1496 purgandas
680 1413 783 1476 vulvas
801 1408 956 1509 pellendos·

281 1494 955 1649 lss‘iiilillffii·&millitis

282 1655 422 1720 acetabuli
440 1676 457 1715 a
475 1654 605 1716 balineis.
626 1653 721 1715 Redit
741 1654 862 1734 prodest
885 1672 954 1714 arre-

204 1735 210 1748 ’
280 1738 331 1796 riis
348 1736 533 1818 exasperatis:
547 1737 579 1796 δι
596 1733 953 1819 colleffionibuslanguinis

280 1817 412 1877 illinitur.
437 1816 497 1879 Sed
517 1819 547 1876 in
564 1817 636 1876 cibis
662 1818 854 1912 concoquitur
875 1834 953 1899 egre.

280 1895 448 1957 inflationes
462 1896 531 1957 facit
548 1899 581 1960 &
597 1894 700 1958 tucius.
724 1897 825 1958 Unnae
837 1914 952 1990 quoqne

279 1978 374 2037 noxia.
395 1975 540 2120 Sugllatis
564 1998 630 2039 cunt
659 1979 730 2038 vino
747 1981 780 2041 &
799 1979 870 2040 oleo
887 1997 952 2037 auu·

280 2058 415 2130 tissima,
478 2079 545 2119 curn
562 2054 950 2121 cerastmmisNerrucaese

279 2136 326 2199 dis
345 2139 492 2199 crebriore
510 2136 573 2217 ejus
593 2138 687 2201 suffitu
704 2140 820 2201 cadunt.
898 2178 901 2182 -

321 2216 428 2279 XLIX.
449 2218 564 2280 Lasere
585 2221 691 2301 silphio
715 2222 882 2316 profluens,
899 2236 949 2301 quo

280 2296 405 2359 diximus
423 2300 533 2373 modo,
550 2302 624 2360 inter
640 2302 746 2361 eximis
756 2319 869 2367 naturae
882 2299 949 2360 dona

279 2396 477 2450 numeratum,
512 2381 622 2441 luritnis
640 2382 902 2465 compositionibus
916 2381 950 2438 iu·

280 2458 391 2524 seritur.
407 2458 463 2521 Per
480 2402 511 2522 ‘le'
528 2478 626 2525 autent
649 2464 762 2546 algores
787 2459 948 2530 excalfacit.

280 2559 385 2623 potunt
407 2560 567 2604 nervorum
587 2545 658 2604 vitia
679 2560 826 2606 extenuat.
835 2540 947 2605 Fennis

277 2622 364 2693 tlatut
382 2625 412 2681 in
433 2624 515 2685 vino.
532 2622 657 2685 Etlanis
671 2625 808 2685 mollibus
823 2624 947 2685 admove·

279 2706 330 2762 tur
350 2703 448 2763 vulvae
462 2705 499 2763 ad
518 2703 631 2765 menses
641 2706 771 2768 ciendos.
784 2704 894 2766 Pedum
902 2701 947 2762 cli-

279 2803 337 2842 vos
353 2782 633 2847 circumscarificaros
654 2785 753 2861 ferto,
768 2789 893 2847 mixtum
908 2799 946 2841 te·

277 2878 319 2920 tre
339 2864 470 2928 extrahit.
487 2865 608 2929 Urinam
625 2868 684 2930 ciet
700 2868 804 2932 ciceris
822 2864 946 2948 megrim·
