1967 3600
117 382 120 387 Ι
175 289 383 361 Hrsrort.
409 290 484 361 Lib.
511 288 611 363 XXI.
660 292 729 394 '165
785 265 789 273 ⁴

72 410 168 493 optimo
180 410 218 474 ⁴&
235 411 319 472 rutd‘t
339 406 504 469 salsamenta
523 412 630 486 etiam,
648 413 671 473 si
687 433 733 474 re·

73 489 185 571 jiciantur
204 490 315 574 sumpta
341 490 455 551 crebrb.
485 490 668 574 Certumque
689 491 732 554 est

73 570 203 633 idnalum
220 592 273 654 per
284 588 467 631 excrementa
484 571 520 630 ad
541 592 627 632 canes
645 575 732 634 etiam

30 708 31 713 ,
92 655 221 725 euenire,
235 651 425 733 similiterque
434 654 563 734 torqueri
576 672 638 713 eos.
653 652 735 715 Mul·

30 718 32 803 l
74 672 123 791 lun
132 750 222 794 tamen
238 753 276 792 ex
292 752 330 792 eo
347 734 559 805 inveteratum,
574 735 732 795 innocuum

30 810 31 817 '
76 810 119 873 elle
137 811 259 874 constat:
276 813 310 874 δι
335 811 508 871 feminarum
526 827 621 872 cutem
649 814 731 876 nullo

75 893 159 1032 ⁴qqelils
175 892 323 955 emendati
340 912 408 954 cum
419 890 730 975 costo,sugillatacum

98 993 136 1034 ne.
718 1000 722 1009 ·

106 1052 186 1116 XLV.
204 1054 296 1117 Aliud
312 1073 402 1137 genus
420 1054 450 1113 in
470 1053 577 1115 eodem
595 1053 679 1116 Ponti
689 1057 730 1117 si·

76 1148 116 1206 tu,
126 1153 203 1217 gente
222 1135 402 1209 Sannorum,
420 1135 533 1208 mellis,
549 1136 673 1216 quudab
688 1138 730 1198 in·

78 1211 150 1287 lanii,
217 1237 248 1276 tu
266 1217 374 1298 gignit,
386 1235 592 1275 maenomenon
613 1234 730 1278 vocant.

77 1290 105 1353 ld
121 1237 285 1357 exillllratur
305 1297 434 1355 contrahi
464 1295 538 1355 flore
564 1294 732 1358 rhododen-

71 1372 127 1449 -dri,
141 1398 196 1459 quo
212 1376 320 1438 scatent
338 1377 429 1438 silvae.
451 1373 589 1457 Gensque
603 1395 654 1449 ea,
664 1377 732 1437 cunt

77 1475 155 1516 ceram
172 1462 200 1517 in
221 1456 327 1519 tributa
349 1455 488 1517 Romanis
517 1453 650 1538 praestet,
672 1456 732 1517 mel

76 1531 211 1674 qquuniatn
230 1537 344 1599 exitiale
363 1535 432 1618 est)
448 1557 508 1596 non
525 1537 637 1598 vendit.
654 1535 691 1597 Et
701 1539 731 1598 in

95 1617 189 1692 erside,
197 1618 263 1680 &in
272 1617 460 1678 Mauretaniae
471 1614 650 1677 Caesariensis
660 1614 732 1678 Gae-

70 1697 144 1771 tull,
151 1697 326 1760 contermini
339 1695 507 1777 Mall'aesylis
517 1742 527 1773 ,
538 1700 673 1771 venenati
688 1697 732 1759 fa·

76 1778 274 1920 ἔξιὶἰὲιωιωτε
289 1774 462 1920 quidamque
473 1794 599 1873 aparte,
617 1798 677 1862 quo
688 1778 747 1840 ni-‘

93 1882 100 1916 ι
157 1882 172 1922 e

187 1860 316 1922 fallacius
335 1875 405 1942 pote
439 1902 448 1933 ,
470 1861 525 1919 nusi
540 1860 620 1941 qubd
635 1860 731 1923 livore

70 1937 317 2020 deprehenduntur.
341 1939 425 2021 Quid
440 1939 501 2000 ¹sibi
520 1938 643 2002 voluisse
653 1958 732 2003 natu·

75 2038 124 2081 ram
136 2022 167 2083 iis
182 2022 350 2083 arbitremur
367 2020 495 2094 insidiis,
514 2037 547 2081 ut
569 2021 607 2081 ab
630 2020 732 2083 iisdem

75 2100 175 2181 apibus,
183 2123 236 2164 nec
246 2101 380 2163 omnibus
391 2103 472 2161 annis
480 2095 600 2174 fierent,
611 2117 732 2162 autnon

76 2183 131 2242 tutis
147 2181 244 2245 favis?
260 2182 363 2243 Parum
381 2199 442 2242 erat
478 2180 582 2241 enuiffe
604 2201 684 2254 rem,
701 2184 733 2242 in

76 2262 273 2333 nivenenum
289 2261 424 2323 facillimd
448 2200 583 2323 claretur:
605 2265 731 2323 etiamne

76 2338 120 2402 hnc
138 2343 192 2426 ipsa
206 2348 236 2405 in
252 2343 340 2405 melle
368 2359 413 2404 tot
439 2343 606 2404 animalibus
630 2340 733 2401 dedit?

78 2417 145 2500 Quid
161 2427 213 2487 sibi
231 2425 346 2496 voluit,
360 2426 414 2484 nisi
423 2441 456 2482 ut
464 2426 623 2482 cautiorem
632 2416 736 2479 minius·

108 2523 122 2563 e
137 2506 249 2566 avidum
266 2499 374 2565 faceret
389 2501 561 2563 hominem?
580 2519 647 2558 non-
657 2499 734 2558 enim

77 2521 127 2642 lli
144 2588 179 2646 sis
192 2584 251 2666 janu
266 2581 518 2667 apibuscuspides
535 2578 684 2650 dederat,
701 2580 735 2641 δι

78 2605 177 2741 quilem
196 2663 374 2728 venenatas?
391 2662 522 2723 remedio
538 2659 735 2723 adversiushat

78 2741 162 2822 utique
178 2767 237 2807 non
263 2742 437 2805 differendo.
454 2742 533 2825 lisga
552 2741 655 2802 malvae
671 2737 734 2801 sue·

77 2838 111 2882 cu
119 2864 128 2896 ,
141 2841 184 2888 tut
199 2825 337 2890 foliorum
358 2824 452 2888 ederae
476 2823 598 2908 perungi
614 2819 733 2888 salutare
