1967 3600
221 223 269 300 68
328 222 366 295 C.
390 202 581 295 *Prr'nrr
606 192 795 293 Nnr'un.

223 346 292 406 clam
310 342 348 404 ad
367 344 429 404 haec
455 362 583 424 coquere
608 360 659 402 eos
680 343 710 401 in
729 341 791 401 luto
815 341 931 404 illitos

224 426 353 487 malunt:
367 428 407 484 sic
425 425 457 484 &
473 422 594 482 feminas
614 425 737 503 purgari.
756 420 801 483 Ex
821 441 930 485 aceto

224 507 260 568 &
274 505 361 565 melle
372 503 490 583 sumpti,
505 500 703 563 intestinorum
713 501 849 562 animalia
862 504 931 565 de·

224 587 350 647 trahunt·
370 582 446 644 Item
457 583 493 642 ad
503 584 601 643 tertias
610 581 731 643 decocio
743 603 849 643 eorum
860 605 930 666 po·

159 715 163 717 s
224 682 335 728 tocum
350 666 431 724 vino.
445 663 624 724 Enterocelis
640 662 779 744 prosuntt
795 662 846 723 san
873 666 929 724 ui·

225 765 294 805 nem
314 764 429 825 quoque
450 745 581 804 inutilem
603 745 644 803 sic
665 743 829 804 extrahunt.
888 766 928 805 e·

223 824 288 885 dius
309 824 347 884 ad
368 826 431 885 haec
450 824 666 907 &sanguinem
695 822 924 886 exscreantibus

223 903 323 965 coetos
334 903 395 965 dari
404 901 502 984 jubet:
516 905 706 986 &puerperis
718 905 754 964 ad
765 903 846 964 lactis
857 927 926 966 co·

246 986 303 1044 iam
319 1006 355 1045 au
376 986 489 1046 endam.
513 984 706 1066 Hippocrates
725 987 827 1065 capitis
844 1007 924 1046 mu·

223 1006 329 1125 ilerum
349 1005 474 1142 <lelium
490 1063 584 1125 fricari
603 1064 752 1145 raphanis:
766 1067 800 1126 &
821 1064 923 1146 super

223 1145 395 1207 umbilicum
414 1147 525 1227 imponi
548 1162 648 1206 contra
670 1162 817 1205 tormenta
840 1148 922 1207 vul·

225 1245 282 1286 vae.
302 1224 457 1286 Reducunt
478 1227 511 1289 &
532 1226 694 1287 cicatricem
709 1226 745 1285 ad
764 1224 922 1288 colorem.

225 1303 334 1368 Semen
354 1327 472 1389 quoque
488 1327 526 1366 ex
543 1307 617 1388 aqui
637 1309 825 1386 impositum,
836 1307 921 1369 sistit

125 1441 129 1448 .
225 1386 340 1460 ulcera,
360 1409 423 1469 quae
440 1387 630 1467 phagedaenas
648 1403 766 1447 vocant.
789 1385 920 1450 Demo·

227 1470 315 1529 tritus
326 1466 474 1526 Venerem
495 1468 552 1526 hoc
571 1466 637 1526 cibo
652 1465 786 1527 stimulari
805 1486 917 1548 putat:

227 1547 270 1608 ob
289 1545 319 1605 id
338 1543 465 1606 fortassis
487 1547 559 1608 voci
579 1548 796 1628 nocere-aliqui
820 1551 920 1609 tradi·

227 1626 343 1687 derunt.
372 1627 454 1687 Folia
473 1648 538 1708 quae
554 1629 584 1687 in
601 1627 736 1709 oblongis
759 1628 919 1691 dumtaxat

227 1704 396 1778 nascuntur,
415 1707 541 1767 excitare
570 1708 721 1768 oculorum
745 1710 841 1768 aciem
864 1711 918 1770 di·

226 1805 340 1849 cuntur.
359 1787 419 1849 Ubi
438 1788 513 1848 verb
532 1790 626 1849 acrior
646 1787 764 1869 raphani
785 1789 916 1853 medici·

227 1889 266 1929 na
287 1868 408 1928 admota
431 1869 488 1941 sit,
513 1865 596 1949 bysso
619 1889 668 1929 um
696 1870 756 1929 dari
773 1873 915 1952 protinus

227 1950 388 2028 imperant:
402 1947 473 2008 Haec
492 1891 647 2029 antipatlsia
667 1948 717 2011 est.
746 1949 783 2010 Et
795 1955 915 2013 aurium

230 2029 361 2110 gravitati
384 2028 500 2088 succum
520 2030 636 2109 raphani
655 2029 798 2091 instillant.
828 2031 914 2094 Nam

229 2110 382 2169 vomituris
403 2107 515 2170 summo
534 2112 600 2172 cibo
615 2108 670 2172 effe
692 2132 765 2186 eos,
789 2112 914 2175 utilissi-

228 2198 310 2249 mum
329 2188 381 2250 est.

268 2266 352 2329 XIV.
370 2266 521 2330 Pastinacae
540 2270 632 2332 simile
650 2271 805 2345 hibiscum,
825 2276 914 2355 quod

229 2348 386 2414 molochen
404 2351 511 2430 agriam
530 2367 655 2424 vocant,
670 2354 702 2415 &
715 2353 801 2435 aliqui
816 2353 915 2433 pisto-

199 2455 201 2459 ⁴
227 2429 372 2503 lochianr,
391 2429 539 2491 ulceribus
554 2433 724 2515 cartilaginis
747 2435 780 2496 δι
794 2434 913 2497 ossibus

227 2508 321 2571 stallis
339 2511 480 2572 medetur.
498 2511 579 2573 Folia
601 2510 663 2593 ejus
685 2534 721 2574 ex
740 2514 814 2595 aqui
834 2532 911 2596 pota

229 2589 328 2652 alvum
338 2590 471 2665 solvunt,
491 2591 635 2673 serpentes
648 2594 773 2676 abigunt.
790 2594 911 2675 Apum,

228 2669 399 2749 vesparum,
419 2671 591 2746 crabronum
617 2671 718 2734 iblibus
744 2675 815 2734 illita
842 2696 912 2736 me·

225 2744 504 2833 dentonRadicem
532 2748 594 2833 ejus
621 2768 687 2818 ante
709 2752 789 2819 ¹Solis
808 2772 909 2820 ortum
