1967 3600
254 237 460 309 Hrsrorr.
475 234 549 308 Lib.
566 236 651 309 XX.
724 260 771 334 79

126 356 203 418 artiut
217 355 271 438 jam
290 355 371 418 ‹118ae
388 355 472 429 sunt,
490 353 624 416 somnum
634 352 773 430 faciendi,

106 377 297 522 b'eoeremque
315 437 485 511 inhibendi,
498 435 600 497 astum
610 434 775 519 refrigeran-

104 519 157 591 di,
176 518 345 580 stomachum
364 517 524 601 purgandi,
543 516 710 601 sanguinem
725 537 776 578 au·

104 601 194 680 gendi.
215 601 282 661 Non
294 620 393 681 paucae
408 597 528 658 restant:
539 600 678 679 quoniam
689 598 722 660 &
732 599 777 657 irr-

104 681 226 741 flationes
235 681 386 741 discutiunt
392 677 509 752 ,ruiius
525 677 776 741 uelenesfacr‘urrr.

103 758 167 820 Nec
181 762 234 822 ulla
250 783 296 822 res
316 763 346 820 in
365 761 435 820 cibis
462 762 509 821 avi
531 760 629 821 ‘tatem
657 761 775 832 incitat,

78 841 258 925 'inhibetque
277 842 398 902 eadem:
415 841 445 898 in
468 841 553 900 causi
579 840 715 901 alterutri
755 859 774 899 e

102 922 200 981 modus
217 920 265 983 est.
286 920 335 982 Sic
352 923 386 983 &
401 920 511 980 alvum*
522 922 703 1002 copiosiores
729 919 773 980 oi·

104 1018 188 1077 runt,
207 1002 331 1064 modicae
349 1000 459 1062 sistunt.
480 999 634 1062 Lentitiatn
661 1001 774 1082 pituita

100 1081 243 1164 digerunt,
255 1099 358 1166 atque,
368 1098 400 1142 ut
409 1081 495 1163 aliqui
507 1080 701 1156 tradiderunt,
711 1080 774 1141 sen-

104 1159 146 1221 sus
159 1180 283 1246 purgant.
305 1161 454 1223 Stomachi
469 1160 594 1222 diffoluti
623 1162 774 1222 utilissime

103 1241 281 1322 adjuvantur:
303 1245 334 1303 in
354 1263 391 1305 eo
411 1242 464 1303 usu
484 1244 518 1304 &
537 1245 664 1323 oxypori
679 1243 775 1304 obolis

105 1322 271 1403 asperitatem
289 1324 390 1384 addito
402 1323 481 1383 dulci
498 1322 535 1382 ad
552 1321 700 1383 intincium
710 1343 776 1383 ace·

103 1405 125 1462 ti
136 1421 323 1486 temperantes
336 1426 344 1464 ε
365 1406 389 1465 si
400 1404 525 1465 crassior
537 1404 641 1485 pituita
652 1404 703 1472 sit,
713 1400 776 1463 scil·

104 1482 150 1544 lite
166 1503 210 1546 aur
226 1489 298 1548 virro
316 1485 490 1546 absinthite:
512 1486 545 1547 δι
566 1486 590 1544 si
610 1485 697 1544 tussis
712 1480 776 1543 serr·

104 1565 194 1641 tiator,
212 1564 296 1647 hyss'o
318 1568 358 1626 ite
383 1565 522 1625 admixto.
541 1563 658 1625 Dantur
677 1563 775 1624 coelia·

104 1646 141 1704 cis
163 1667 225 1706 cum
239 1649 281 1706 int
325 1668 344 1708 o
369 1647 516 1717 erratico,
538 1646 570 1707 &
587 1644 624 1705 ad
640 1643 776 1706 duritiam

104 1728 328 1806 pracordiorunr.
364 1724 532 1791 Dantur&
556 1725 779 1788 melancholicis.
803 1792 807 1799 ,

103 1808 224 1870 candidae
245 1809 451 1891 copiosiores,
478 1808 512 1869 &
542 1806 578 1866 ad
602 1810 708 1869 vesicae
730 1808 776 1870 vi·

103 1888 147 1948 tia.
167 1889 340 1973 Praxagoras
352 1890 385 1951 δι
397 1886 586 1970 dysentericis
598 1890 689 1950 dedit.
701 1887 777 1949 Am·

105 1966 183 2030 bustis
201 1991 319 2053 quoque
329 1969 459 2111 prosunt
479 1971 660 2045 recentibus,
706 1969 775 2030 rius·

102 2070 181 2130 quarn
195 2050 314 2131 pustulae
351 2067 415 2123 ant,
433 2071 501 2110 curn
512 2048 567 2110 sale
581 2051 668 2111 illitae.
717 2051 775 2110 lee-

104 2147 130 2190 ra
146 2133 248 2207 etiam,
268 2152 334 2214 quae
355 2130 471 2212 serpunt
487 2173 498 2204 ,
518 2146 675 2203 coercent,
691 2131 775 2191 initio

103 2210 777 2354 33:55353312‘2’c‘ssssitbbtibtbt

102 2368 150 2431 bus
165 2376 234 2434 tritis
249 2395 317 2434 curn
334 2374 450 2455 polemi
470 2392 507 2433 ex
523 2375 598 2453 aqna
618 2369 723 2453 frigida
735 2369 778 2430 ls-

102 2453 185 2514 triunt.
204 2454 378 2536 Eruptiones
394 2454 581 2535 papularum,
599 2451 725 2511 euvino
743 2450 777 2511 &

105 2533 222 2609 polenta.
246 2533 280 2594 ln
296 2534 415 2595 choleri
426 2551 545 2614 quoque
565 2530 659 2591 cottas
672 2529 772 2612 patinis

104 2609 256 2675 dederunt:
269 2614 307 2673 ad
320 2614 400 2696 qnod
416 2612 572 2674 utilissima
606 2610 672 2672 uim
691 2614 777 2672 maxi·

105 2695 138 2751 mi
153 2697 241 2756 caulis
263 2695 297 2755 &
316 2715 426 2756 amarae.
448 2633 664 2774 Quidamiacii
682 2690 761 2753 infun

102 2770 178 2836 dunt.
195 2771 394 2837 Defervefatti
416 2775 446 2837 bi
467 2776 563 2837 caules
580 2725 778 2917 giiomacho

626 2875 659 2915 rr
