1967 3600
223 315 266 396 52
317 294 787 373 ammiramur.

218 434 266 476 tur
282 435 299 474 a
313 410 463 477 Favonid:
482 413 550 474 dein
563 414 636 474 ciam
653 408 816 488 fruticavit,
834 411 905 494 jux·

218 513 250 556 ta
274 511 377 556 terram
393 493 571 576 praeciditur:
585 510 655 554 tunc
671 512 819 566 runcatur,
831 494 905 554 ster·

217 593 410 655 notaturque:
428 594 481 655 per
496 573 645 633 biennium
663 575 730 634 hoc.
738 571 844 634 Postea
854 573 905 634 iis-

216 657 287 718 dem
304 653 452 714 fruticibus
461 671 598 726 utuntur,
609 656 632 713 si
645 675 705 713 non
724 652 830 714 saevitia
842 655 905 715 hie·

217 739 273 799 mis
283 737 424 815 ingravat,
438 735 555 816 quando
567 735 851 815 impatientissimum
862 733 905 796 est
923 738 926 741 ’

216 816 364 895 frigorum.
374 813 441 875 Exit
454 816 486 876 &
495 817 526 875 in
535 814 688 874 cubitalem
700 814 903 887 altitudinem,

215 894 292 959 toliis
310 894 441 966 laminis,
455 893 506 955 sed
523 894 679 956 mollibus:
700 892 824 976 ususque
839 893 904 977 ejus
922 910 925 915 '

217 996 279 1038 non
297 977 358 1035 sine
378 974 458 1037 lacte.

224 1115 228 1120 .
256 1053 319 1117 Lll.
334 1053 408 1116 Gith
425 1053 564 1137 pistrinis,
583 1053 691 1114 anisum
708 1055 741 1118 &
763 1055 904 1118 anethum

216 1136 317 1197 culinis
339 1137 371 1197 &
390 1136 510 1196 medicis
531 1133 691 1197 nascuntur.
707 1134 903 1215 Sacopenium

191 1290 194 1294 ,
216 1217 252 1281 ἃ
270 1215 362 1297 ipsum
376 1216 406 1277 in
425 1217 517 1278 hortis
534 1216 652 1297 quidem
657 1218 667 1287 ,’
679 1215 728 1276 sed
746 1216 903 1280 medicinae
922 1232 925 1237 ·

215 1300 338 1359 tantum.

259 1377 337 1440 LIII.
351 1376 422 1438 Sunt
442 1376 574 1458 quaedam
592 1377 758 1438 comitantia
774 1377 901 1439 aliorum

216 1457 309 1531 fatus,
332 1475 364 1517 ut
378 1478 514 1538 papaver.
533 1457 669 1538 Namque
687 1479 754 1517 cum
772 1459 902 1519 brassica

216 1538 336 1610 seritur,
350 1559 383 1597 ac
402 1537 565 1618 portulaci:
584 1538 617 1599 ἃ
632 1556 717 1599 eruca
731 1560 797 1598 cum
814 1538 902 1600 laciu-

197 1619 262 1681 ,εἰ
282 1617 436 1698 Papaveris
463 1616 547 1678 sativi
574 1619 628 1679 tria
647 1638 753 1702 genera
772 1642 779 1680 :
800 1620 902 1680 candi·

217 1699 304 1772 dum,
316 1695 396 1778 cujus
408 1697 506 1758 semen
515 1696 623 1759 tostum
637 1700 666 1758 in
678 1698 801 1759 secundi
815 1720 903 1760 men·

218 1780 251 1847 sa
271 1799 338 1841 cunr
358 1779 445 1839 melle
457 1779 534 1861 apud
545 1780 678 1861 antiquos
692 1779 818 1841 dabatur.
829 1780 901 1844 Hoc

137 1911 140 1917 Δ
218 1862 254 1923 &
271 1862 352 1942 panis
372 1858 466 1920 rustici
481 1857 581 1920 ctustae
598 1858 783 1941 inspergitur,
798 1860 901 1923 adfuso

218 1961 281 2006 ovo
309 1938 474 2011 inhaerens,
500 1940 550 1999 ubi
578 1938 745 2001 inferiorem
776 1941 902 2003 crustam

186 2070 188 2075 .
218 2022 317 2101 apium
326 2019 443 2102 githque
461 2020 563 2081 cereali
574 2019 674 2100 sapore
688 2021 837 2084 condiunt.
847 2022 902 2083 Ab

219 2118 315 2164 terum
332 2120 422 2182 genus
440 2099 480 2161 est
500 2103 650 2183 papaveris
666 2104 795 2184 nigrum,
815 2101 900 2182 cujus

218 2179 306 2263 scapo
319 2180 408 2241 inciso
422 2180 526 2241 lalleus
541 2180 639 2243 succus
657 2184 806 2263 excipitur.
821 2181 900 2252 Ter-

217 2264 292 2324 tium
309 2281 399 2343 genus
418 2262 528 2322 rhoeam
547 2278 654 2323 vocant
671 2260 787 2335 Graeci,
804 2263 835 2323 id
848 2284 900 2324 no·

219 2342 268 2410 stri
282 2344 442 2404 erraticum.
460 2340 570 2422 Sponte
589 2342 726 2423 quidem,
741 2342 790 2404 sed
808 2345 838 2403 in
854 2365 900 2404 ar-

218 2428 265 2486 vis
281 2426 348 2486 ciam
364 2422 476 2483 hordeo
496 2424 621 2483 maxime
641 2421 779 2497 nascitur,
802 2444 899 2487 erucae

132 2517 135 2534 Ι
219 2506 331 2580 simile,
347 2503 463 2566 cubitali
492 2504 660 2575 altitudine,
682 2504 755 2564 flore
776 2502 842 2564 rufo
863 2507 898 2567 &

217 2585 349 2664 protinus
360 2584 490 2646 ¹deciduo
503 2609 510 2647 ε
529 2584 605 2646 unde
618 2584 650 2646 &
663 2605 770 2646 nomen
784 2583 900 2653 aGraes

219 2665 261 2721 cis
281 2666 400 2744 accepit.
418 2662 468 2723 De
480 2665 596 2745 reliquis
610 2665 761 2744 genetibus
773 2685 898 2746 papave-

167 2767 174 2780 ·
217 2744 256 2800 ris
275 2740 376 2822 sponte
392 2741 530 2803 nascentis
549 2744 677 2803 dicemus
696 2746 726 2803 in
745 2746 896 2806 medicina

219 2820 298 2885 loco.
319 2820 409 2886 Fuille
428 2839 526 2888 autern
545 2825 575 2885 in
595 2823 706 2888 honore
726 2825 803 2907 apud
830 2825 898 2898 Ro,
