1967 3600
204 256 279 357 '⁹158
333 257 370 329 C.
397 255 790 327 ParrrrrNArun.

208 379 255 440 ios
273 380 384 439 tantiam
401 375 539 448 deiediat,
554 373 631 434 odor
646 391 742 435 autem
757 371 858 435 abeib
910 390 918 401 ·
974 406 976 421 =

214 470 272 521 'ro
284 459 321 520 Et
330 459 427 522 cneori
437 457 496 515 duo
505 474 629 538 genera,
639 458 711 595 nigri
724 473 812 537 atque
821 468 902 516 can0‘

209 541 282 602 didi.
293 539 359 600 Hoc
369 539 400 601 δι
410 537 580 598 odoratum:
592 557 672 597 ramo
685 537 805 598 aambo.
827 537 909 598 Flo-

209 639 276 682 rent
296 617 359 702 post
376 616 579 701 ae'quinoffiutn
605 634 784 678 autumnum.
806 616 907 677 Toti-

209 703 279 763 dem
300 703 332 763 &
352 700 462 782 origani
479 700 510 757 in
528 701 741 758 coronamentis
772 695 907 778 species.

208 781 336 843 Alterius
349 781 427 841 enim
440 779 554 839 nulium
566 778 674 840 semen.
692 777 744 852 Id,
754 780 802 839 cui
815 779 904 841 odor
974 808 975 811 ¹

210 862 271 935 est,
289 860 440 922 Creticum
457 876 589 921 vocatur.

249 940 363 1004 XXXI.
383 941 525 1003 Totidem
544 942 576 1002 δι
595 939 902 1021 thytnircandidum,

208 1032 243 1083 ac
263 1025 414 1106 nigricans.
434 1022 533 1083 Floret
550 1039 646 1081 autem
668 1023 742 1081 circa
759 1020 904 1095 solstitia,

209 1107 278 1165 cum
294 1107 405 1185 &apes
417 1102 593 1184 decerpunt,
605 1103 798 1184 &augurium
817 1103 904 1163 mel·-¹

210 1184 245 1244 lis
262 1183 312 1246 est.
325 1184 503 1246 Proventum
514 1186 591 1244 enim
609 1180 721 1264 sperant
730 1184 830 1264 apiarii
845 1184 903 1244 lara

211 1266 248 1347 ge
267 1264 438 1326 florescente
453 1286 501 1326 eo.
515 1264 639 1324 Laeditur
651 1264 806 1338 imbribus,
818 1267 905 1324 anrit-

210 1348 305 1428 titque
324 1347 437 1408 florem.
466 1342 576 1406 Semen
594 1344 691 1424 thymi
714 1365 775 1406 non
801 1343 905 1426 potest

212 1426 410 1510 deprehendi,
430 1428 496 1486 curn
515 1427 624 1508 origani
641 1444 781 1507 perquam
801 1428 903 1485 minu·

213 1523 295 1581 tum,
308 1526 367 1568 non
386 1525 484 1568 tamen
503 1504 590 1566 sallat.
610 1503 668 1565 Sed
690 1504 760 1588 quid
777 1504 901 1568 interest

213 1586 365 1650 occultasse
388 1588 419 1648 id
438 1585 590 1648 naturam?
609 1585 643 1646 In
667 1586 740 1664 flore
765 1585 831 1669 ipso
855 1589 902 1647 in·

213 1669 366 1751 telligitur,
380 1668 498 1751 satoque
518 1688 556 1728 eo
574 1664 704 1727 nascitur.
730 1665 817 1746 Quid
839 1688 901 1729 non

160 1775 166 1782 ·
213 1764 362 1812 tentavere
383 1748 541 1812 homines?
562 1747 660 1809 Mellis
674 1747 765 1810 Attici
787 1751 819 1809 in
833 1766 901 1811 toto

213 1834 288 1911 orbe
307 1831 415 1891 summa
432 1832 492 1891 laus
512 1828 696 1891 existimatur.
713 1829 791 1912 Ergo
809 1829 902 1890 trans·

213 1910 303 1971 latum
320 1909 376 1971 est*
388 1929 424 1971 ex
442 1908 541 1970 Attici
559 1909 715 1992 thymum,
730 1911 761 1973 δι
779 1916 830 1972 vix
847 1912 902 1973 tio·

158 2046 160 2050 .
212 2010 246 2051 re
262 1990 327 2073 (uti
346 1988 510 2073 docemus)
521 1989 620 2066 satum.
632 1990 690 2052 Sed
700 1991 754 2052 alia
765 1995 839 2052 ratio
849 2014 901 2052 na·

211 2086 283 2132 turae
303 2070 428 2147 obstitit,
441 2089 501 2134 non
518 2072 637 2133 durante
651 2069 750 2133 Attico
771 2072 900 2155 thymo,

212 2154 269 2230 nisi
278 2155 307 2213 in
318 2144 425 2214 adflatu
435 2155 539 2215 maris:
553 2149 621 2213 Erat
632 2154 750 2237 quidem
760 2152 824 2213 haec
837 2155 900 2236 opi-

213 2234 264 2294 nio
287 2236 403 2315 antiqua
421 2236 451 2294 in
474 2235 555 2295 omni
566 2234 690 2315 thymo,
702 2234 829 2317 ideoque
839 2253 899 2294 non

213 2312 290 2375 nasci
309 2316 339 2372 in
359 2314 495 2374 Arcadii.
522 2311 607 2375 Tunc
626 2315 723 2376 oleam
742 2334 803 2376 non
818 2334 902 2397 puta-

205 2397 284 2456 .bant
301 2396 398 2477 gigni,
417 2397 471 2455 nisi
490 2396 564 2460 intra
583 2412 656 2457 ccc.
677 2394 766 2456 stadia
782 2418 798 2456 a
818 2397 900 2456 mari.

213 2474 343 2557 Thymis
365 2476 484 2558 quidem
496 2497 572 2536 nunc
585 2480 670 2538 etiam
680 2476 812 2560 lapideos
822 2497 901 2538 cam·
974 2541 975 2548 χ

213 2575 270 2638 pos
288 2559 318 2616 in
338 2556 491 2638 provincii
507 2556 690 2619 Narbonensi
709 2556 834 2619 refertos
849 2557 900 2618 sci·
974 2561 975 2600 ἒ

212 2651 301 2696 mus:
323 2637 380 2697 hoc
392 2655 477 2719 paene
497 2636 560 2699 solo
578 2639 690 2712 reditu,
706 2638 901 2722 elonginquis

171 2784 175 2788 ,
213 2716 381 2794 regionibus
400 2717 546 2799 pecudum
558 2720 686 2782 millibus
700 2720 900 2788 convenienti·

213 2791 289 2864 bus,
300 2813 338 2883 ut·
351 2798 460 2875 thymo
474 2797 637 2865 vescantur.
