1967 3600
26 470 28 499 r

26 506 28 545 l

186 300 397 371 H1sron.
422 296 593 371 Linxx.
673 320 737 371 ror

86 415 120 479 Ex
134 418 188 480 alto
204 419 289 502 lapsis
309 417 422 479 seminis
441 433 500 477 tres
519 414 743 478 uncias.Oleili·

87 498 126 559 lrl
141 501 252 582 vinique
267 497 390 560 sextario
406 498 524 558 illinitur
536 517 602 557 cum
613 497 681 558 oleo
696 518 744 558 co·

87 578 125 639 llis
141 579 226 652 foliis,
242 578 372 662 partibus
422 598 471 637 uas
488 576 579 659 frigus
603 575 745 638 aduss'erit.

87 655 109 718 Si
122 662 220 720 urinam
237 676 342 721 movet
358 656 409 739 (ut
448 660 591 739 ippoctati
602 656 744 739 videtur)

87 741 170 801 mirum
193 739 234 801 est
253 738 397 822 quosdam
418 738 485 799 dare
505 737 587 800 velut
607 739 745 799 inhiben-

87 835 132 879 tem
148 823 244 902 potui,
261 836 365 881 eontra
387 820 623 879 incontinentiam
643 821 746 881 urinae.

87 896 165 961 Plorat
186 903 217 963 &
235 901 333 983 lepras
346 919 413 959 curn
423 899 512 959 melle
526 899 558 959 δι
572 899 695 960 alumine
705 898 744 979 1¹⁶.

87 974 125 1039 lita
141 981 277 1042 emendat.
298 980 377 1041 ltetn
387 979 576 1067 ‘vitiliginem
589 1000 745 1053 verrucas,

87 1055 204 1143 strumas,
218 1063 251 1124 δι
271 1060 391 1131 similia,
407 1080 474 1119 cum
492 1057 629 1139 strychno
642 1061 675 1122 &
686 1060 746 1121 adi·

88 1159 117 1219 pe
132 1139 205 1202 suillo
224 1162 257 1202 ac
276 1141 395 1202 taurino
415 1136 496 1202 sevo.
508 1138 584 1200 ltem
594 1142 692 1221 ignem
701 1137 745 1199 sa·

88 1239 152 1280 crum
160 1241 192 1282 ex
208 1239 297 1283 aceto
315 1222 349 1283 ὃ(
369 1219 459 1294 oleo,
474 1219 525 1280 vel
537 1218 746 1299 psimmythio:

90 1301 268 1364 carbunculum
293 1322 330 1363 ex
349 1316 444 1361 aceto.
467 1299 611 1360 Nonnulli
629 1297 748 1381 laserpi-

90 1381 146 1440 tium
160 1381 212 1443 uni
230 1384 308 1444 illini
328 1378 447 1462 jubent,
465 1381 528 1440 sine
542 1400 601 1463 quo
612 1378 751 1459 epinycli·

91 1458 251 1544 daspuslulas
261 1479 375 1524 curant.
396 1459 555 1542 Imponunt
569 1461 603 1522 &
617 1452 752 1520 mammis

91 1541 425 1623 turgentibusdecoRam
444 1542 477 1602 δι
498 1540 606 1623 pituitae
624 1536 751 1621 eruptio·{

92 1621 157 1682 nibus
171 1644 234 1705 cum
256 1623 337 1685 ceri.
351 1619 489 1690 ,Testium
508 1620 581 1683 vero
600 1621 749 1703 epiphoris

92 1721 144 1761 cunr
159 1706 237 1765 ramis
252 1704 365 1765 laureae
383 1704 489 1762 teneris
500 1744 510 1773 ,
521 1700 595 1762 adeo
613 1700 750 1780 peculiari

91 1779 115 1864 in
126 1782 267 1847 visceribus
288 1783 333 1846 his
351 1781 474 1855 effellu,
491 1798 525 1844 ut
544 1780 667 1844 silvestri
686 1780 752 1844 'ruti

92 1880 144 1924 curn
164 1886 233 1927 anun
253 1865 285 1926 il
302 1865 395 1926 veteri
412 1864 503 1924 illitos
521 1864 641 1924 ramices
661 1860 752 1936 sanari

93 1944 204 2022 prodant.
226 1886 329 2008 ltalia
353 1962 471 2026 quoque
492 1942 751 2006 membra-semine

93 2023 150 2084 trito
166 2047 229 2088 curn
250 2025 321 2088 ceri
338 2026 486 2106 imposito.
502 2024 597 2085 Radix
607 2040 677 2084 rutae
692 2022 753 2083 san·

93 2105 190 2182 guinem
206 2107 300 2168 oculis
320 2103 474 2174 suffusum,
493 2105 525 2166 ἃ
540 2121 606 2165 toto
627 2122 753 2186 corpore

93 2183 217 2247 cicatrices
237 2204 288 2249 aut
307 2184 432 2246 maculas
450 2185 523 2244 illita
543 2184 691 2246 emendate
707 2182 753 2244 Ex

93 2262 191 2345 reliquis
210 2288 277 2350 quae
296 2266 463 2338 traduntur,
481 2267 586 2326 mirum
607 2263 669 2336 est,
686 2265 754 2324 cirm

93 2335 238 2407 ferventem
257 2362 330 2406 rutae
348 2362 477 2407 naturam
498 2343 555 2407 effe
577 2346 754 2411 conveniat,

93 2415 240 2487 fasciculum
258 2423 320 2506 ejus
338 2428 369 2488 in
388 2426 506 2486 rosaceo
524 2422 679 2485 decoctum
700 2420 756 2480 ad·

94 2499 143 2563 din
158 2508 240 2567 uncia
260 2508 357 2575 aloes,
383 2502 527 2587 perunffis
555 2501 691 2562 sudorem
712 2520 758 2561 re·

93 2583 212 2720 ptinere.
232 2586 365 2668 Itemque
395 2583 598 2667 generationes
623 2579 757 2658 impediri

111 2681 141 2723 oc
158 2666 244 2726 cibo:
266 2666 335 2726 ideo
351 2669 380 2726 irr
393 2662 542 2747 profluvio
563 2659 680 2746 genitali
706 2660 757 2723 da.v

95 2751 148 2815 tur,
163 2745 196 2808 &
214 2745 364 2807 Venerem
381 2745 484 2805 crebro
502 2765 554 2823 per
570 2741 679 2802 somnia
688 2743 758 2803 ima·
869 2800 875 2812 ,

91 2821 250 2915 gimuubus.
265 2819 760 2969 Praecavendumest'giaeilisflbstlss

256 2931 259 2934 ·
608 2924 639 2987 ll]

842 2702 848 2743 l
