1967 3600
38 158 40 277 i
160 220 168 235 ·
242 213 654 288 Hannon.Lib.XX.
725 230 773 312 77

38 408 39 411 Ἴ
105 335 188 396 mulat
208 327 271 395 cum
290 334 446 397 coriandro
473 334 559 394 viridi
579 337 694 412 tritum,
713 356 771 419 po·

105 433 245 498 tumquee
263 435 354 477 mero.
384 414 465 475 Vitia
484 412 547 493 ejus
576 413 663 489 sunt,
692 418 773 498 qubd

103 498 197 569 oculos
218 495 352 567 hebetat,
372 495 537 556 inflationes
554 494 646 567 facit,
667 494 772 559 stoma·

38 576 40 601 ³
102 578 180 649 chum
203 576 278 637 ladit
295 578 443 656 copiosius
454 574 613 657 sumptum,
631 579 709 637 sitim
725 580 771 659 gi-

101 660 161 736 gnit.
178 655 285 718 Ceteri
308 674 410 717 contra
450 657 581 728 ituitatn,
602 657 635 718 &
654 657 771 739 gallinis

101 738 131 797 δι
150 737 307 820 gallinaceis
330 679 449 816 prodei
461 739 584 797 mixtum
595 735 668 799 farre
679 740 710 798 in
727 741 772 799 ci-

100 816 142 877 bo.
166 817 295 878 Iumenta
313 820 424 877 urinam
439 818 581 893 reddere,
601 834 686 901 atque
704 840 769 883 nou

99 913 140 970 tut
177 901 222 958 eti
230 897 368 969 tradunt,
390 900 499 957 sittim
516 915 614 959 natura
625 914 770 982 tangatun

107 1034 111 1039 .
186 977 237 1040 lv.
259 976 389 1038 Lastucae
414 975 515 1058 sponte
541 977 681 1040 nascentis
706 983 767 1061 pri-

99 1078 169 1118 mum
186 1058 227 1120 est
249 1079 341 1141 genus
360 1056 442 1137 ejus,
454 1078 542 1140 quam
553 1080 585 1118 ca
606 1063 696 1120 tinam
708 1082 765 1122 vo·

102 1155 173 1214 cant,
188 1139 246 1221 qui
267 1137 360 1221 pisces
369 1142 398 1197 in
414 1159 493 1199 mare
506 1137 570 1218 deje
599 1141 615 1200 i
655 1142 773 1211 rotinus,

101 1238 222 1280 necantur
233 1222 316 1299 rqui
337 1219 400 1278 sunt
417 1220 600 1300 inptoximo.
648 1220 763 1299 ujuslac

101 1296 243 1378 spissatum,
263 1320 335 1360 mox
349 1302 379 1358 in
403 1316 488 1360 aceto
508 1299 638 1380 pondere
658 1302 765 1363 obolo-

100 1399 152 1439 rum
162 1381 249 1442 dutim
258 1424 267 1454 ,
277 1377 391 1460 adjecio
399 1401 481 1461 aquae
496 1400 555 1441 uno
569 1381 696 1462 cyatho,
706 1382 765 1462 hy·

100 1458 206 1540 dropicis
230 1461 323 1521 datur.
348 1458 442 1521 Catule
461 1461 495 1521 &
514 1458 591 1522 foliis
616 1463 768 1538 contusis,

101 1538 213 1619 adsperso
225 1539 282 1601 sale
292 1582 303 1613 ‚
314 1543 397 1602 nervi
409 1542 491 1601 incisi
503 1539 641 1602 sanantur.
652 1540 765 1607 Eadem

100 1621 154 1679 trita
169 1643 205 1682 ex
222 1626 330 1695 aceto',
349 1620 457 1681 colluta
468 1623 613 1683 matutinis
623 1623 667 1684 bis
680 1643 766 1693 meus

99 1696 137 1771 se,
154 1702 280 1763 dentium
298 1701 436 1763 dolorem
473 1702 616 1764 cohibent.
731 1746 735 1755 ·

106 1833 110 1838 .
130 1779 217 1846 XXV.
236 1806 266 1865 7.
285 1781 421 1845 Alterum
433 1724 475 1844 ei
485 1803 575 1867 genus
589 1784 668 1868 quod
680 1783 762 1848 Gne·

98 1861 247 1945 cicaesapon
255 1881 372 1926 vocant.
390 1862 484 1944 Hujus
495 1863 637 1927 foliatrita
649 1867 681 1928 δε
692 1889 760 1929 cum

100 1943 199 2019 polenta
208 1945 281 2005 illita
289 1944 455 2007 vulneribus
467 1946 628 2009 medentur.
640 1946 712 2009 Haec
727 1951 758 2009 in

99 2025 160 2083 arvis
187 2026 317 2087 nascitur.
334 2023 466 2086 Tettium
483 2047 572 2117 genus
582 2027 624 2088 est
635 2028 664 2088 in
680 2029 761 2090 silvis

99 2100 210 2180 nascens,
219 2105 303 2168 isatin
310 2123 429 2167 vocant.
440 2106 534 2185 HuJus
542 2104 611 2168 folia
619 2110 684 2168 trita
691 2131 758 2171 cum

98 2181 197 2260 polemi
225 2187 394 2249 vuueribus
420 2184 547 2267 prosunt.
576 2186 691 2267 Quarto
717 2192 761 2249 in·

97 2258 200 2327 feiiores
218 2269 350 2330 lanatum
366 2284 502 2330 utuntur:
522 2269 614 2330 simile
635 2287 696 2330 etat
719 2270 760 2330 ta·

99 2344 170 2419 patho
187 2347 305 2410 silvestri
325 2347 423 2422 foliis,
442 2349 495 2424 nisi
516 2350 598 2430 plura
615 2349 768 2421 haberem*

98 2421 124 2484 ἃ
137 2428 261 2508 nigriora.
283 2426 455 2510 Sanguinem
467 2426 545 2488 sistit.
556 2427 759 2507 ⁵Phagedaenaa

100 2499 318 2585 &putrescentia
343 2509 462 2582 ulcera,
480 2528 546 2588 quae
566 2501 703 2584 serpunt,
720 2505 759 2568 sa·

100 2597 157 2646 nat:
173 2589 240 2649 item
266 2606 395 2650 tumores
426 2604 491 2647 ante
519 2584 759 2666 suppurationem.

100 2655 191 2727 Contra
199 2670 297 2749 ignem
310 2668 419 2729 sacrum
431 2666 526 2730 radice
539 2666 588 2728 vel
597 2664 676 2726 foliis
688 2687 758 2747 pru·

97 2736 165 2881 degi:
181 2750 231 2810 vei
246 2750 285 2812 ad
299 2751 481 2833 lienetpota.
491 2747 755 2890 Haecssripfimn‘

97 2834 168 2899 gssts.
605 2847 637 2906 ιι]
733 2861 747 2882 ,2
