<?xml version="1.0" encoding="UTF-8"?>
<!DOCTYPE html PUBLIC "-//W3C//DTD XHTML 1.0 Transitional//EN"
    "http://www.w3.org/TR/xhtml1/DTD/xhtml1-transitional.dtd">
<html xmlns="http://www.w3.org/1999/xhtml" xml:lang="en" lang="en">
 <head>
  <title>
</title>
<meta http-equiv="Content-Type" content="text/html;charset=utf-8" />
  <meta name='ocr-system' content='tesseract 3.04.00' />
  <meta name='ocr-capabilities' content='ocr_page ocr_carea ocr_par ocr_line ocrx_word'/>
</head>
<body>
  <div class='ocr_page' id='page_1' title='image "./caiipliniisecun00unkngoog_0234.png"; bbox 0 0 1967 3600; ppageno 0'>
   <div class='ocr_carea' id='block_1_1' title="bbox 227 289 814 365">
    <p class='ocr_par' dir='ltr' id='par_1_1' title="bbox 227 289 814 365">
     <span class='ocr_line' id='line_1_1' title="bbox 227 289 814 365; baseline -0.01 0"><span class='ocrx_word' id='word_1_1' title='bbox 227 313 309 365; x_wconf 71' lang='lat' dir='ltr'>azo</span> <span class='ocrx_word' id='word_1_2' title='bbox 362 292 400 364; x_wconf 84' lang='lat' dir='ltr'>C.</span> <span class='ocrx_word' id='word_1_3' title='bbox 426 290 607 363; x_wconf 74' lang='lat' dir='ltr'>Paruit</span> <span class='ocrx_word' id='word_1_4' title='bbox 627 289 814 362; x_wconf 74' lang='lat' dir='ltr'>Nnrun.</span> 
     </span>
    </p>
   </div>
   <div class='ocr_carea' id='block_1_2' title="bbox 196 404 910 2830">
    <p class='ocr_par' dir='ltr' id='par_1_2' title="bbox 196 404 910 2830">
     <span class='ocr_line' id='line_1_2' title="bbox 233 404 908 495; baseline -0.01 -22"><span class='ocrx_word' id='word_1_5' title='bbox 233 409 372 495; x_wconf 82' lang='lat' dir='ltr'>pionibus</span> <span class='ocrx_word' id='word_1_6' title='bbox 383 407 502 485; x_wconf 87' lang='lat' dir='ltr'>resistit,</span> <span class='ocrx_word' id='word_1_7' title='bbox 514 428 552 470; x_wconf 78' lang='lat' dir='ltr'>err</span> <span class='ocrx_word' id='word_1_8' title='bbox 568 410 638 469; x_wconf 83' lang='lat' dir='ltr'>vino</span> <span class='ocrx_word' id='word_1_9' title='bbox 656 424 705 467; x_wconf 86' lang='lat' dir='ltr'>aut</span> <span class='ocrx_word' id='word_1_10' title='bbox 719 408 793 490; x_wconf 67' lang='lat' dir='ltr'>aqui</span> <span class='ocrx_word' id='word_1_11' title='bbox 807 404 908 480; x_wconf 64' lang='lat' dir='ltr'>mulsi,</span> 
     </span>
     <span class='ocr_line' id='line_1_3' title="bbox 234 488 907 574; baseline -0.009 -21"><span class='ocrx_word' id='word_1_12' title='bbox 234 512 269 553; x_wconf 89' lang='lat' dir='ltr'>ut</span> <span class='ocrx_word' id='word_1_13' title='bbox 281 491 518 574; x_wconf 83' lang='lat' dir='ltr'>Apollophanes,</span> <span class='ocrx_word' id='word_1_14' title='bbox 530 490 565 549; x_wconf 76' lang='grc' dir='ltr'>δι</span> <span class='ocrx_word' id='word_1_15' title='bbox 576 488 776 569; x_wconf 85' lang='lat' dir='ltr'>Apollodotus</span> <span class='ocrx_word' id='word_1_16' title='bbox 792 488 907 547; x_wconf 85' lang='lat' dir='ltr'>tradunt.</span> 
     </span>
     <span class='ocr_line' id='line_1_4' title="bbox 234 567 907 650; baseline -0.009 -17"><span class='ocrx_word' id='word_1_17' title='bbox 234 573 316 640; x_wconf 83' lang='lat' dir='ltr'>Folia</span> <span class='ocrx_word' id='word_1_18' title='bbox 331 569 478 631; x_wconf 86' lang='lat' dir='ltr'>infantium</span> <span class='ocrx_word' id='word_1_19' title='bbox 498 567 755 642; x_wconf 89' lang='lat' dir='ltr'>destillationibus,</span> <span class='ocrx_word' id='word_1_20' title='bbox 774 568 852 650; x_wconf 92' lang='lat' dir='ltr'>quod</span> <span class='ocrx_word' id='word_1_21' title='bbox 873 568 907 627; x_wconf 84' lang='lat' dir='ltr'>si·</span> 
     </span>
     <span class='ocr_line' id='line_1_5' title="bbox 234 647 908 723; baseline -0.01 -8"><span class='ocrx_word' id='word_1_22' title='bbox 234 656 321 715; x_wconf 84' lang='lat' dir='ltr'>tiasin</span> <span class='ocrx_word' id='word_1_23' title='bbox 336 667 458 723; x_wconf 88' lang='lat' dir='ltr'>vocant,</span> <span class='ocrx_word' id='word_1_24' title='bbox 473 648 546 709; x_wconf 85' lang='lat' dir='ltr'>illita</span> <span class='ocrx_word' id='word_1_25' title='bbox 564 649 727 711; x_wconf 87' lang='lat' dir='ltr'>medentur.</span> <span class='ocrx_word' id='word_1_26' title='bbox 750 647 824 709; x_wconf 87' lang='lat' dir='ltr'>Item</span> <span class='ocrx_word' id='word_1_27' title='bbox 844 667 908 716; x_wconf 56' lang='lat' dir='ltr'>conae</span> 
     </span>
     <span class='ocr_line' id='line_1_6' title="bbox 234 729 908 801; baseline -0.01 -7"><span class='ocrx_word' id='word_1_28' title='bbox 234 731 436 801; x_wconf 72' lang='lat' dir='ltr'>tradionibus,</span> <span class='ocrx_word' id='word_1_29' title='bbox 453 729 581 790; x_wconf 78' lang='lat' dir='ltr'>etiamsi</span> <span class='ocrx_word' id='word_1_30' title='bbox 596 729 628 790; x_wconf 90' lang='lat' dir='ltr'>id</span> <span class='ocrx_word' id='word_1_31' title='bbox 644 729 828 790; x_wconf 79' lang='lat' dir='ltr'>comitialiter</span> <span class='ocrx_word' id='word_1_32' title='bbox 840 729 908 787; x_wconf 87' lang='lat' dir='ltr'>acci·</span> 
     </span>
     <span class='ocr_line' id='line_1_7' title="bbox 233 807 909 892; baseline -0.01 -17"><span class='ocrx_word' id='word_1_33' title='bbox 233 815 294 876; x_wconf 83' lang='lat' dir='ltr'>dat.</span> <span class='ocrx_word' id='word_1_34' title='bbox 311 809 445 872; x_wconf 70' lang='lat' dir='ltr'>Decodo</span> <span class='ocrx_word' id='word_1_35' title='bbox 465 829 584 892; x_wconf 81' lang='lat' dir='ltr'>quoque</span> <span class='ocrx_word' id='word_1_36' title='bbox 603 808 698 870; x_wconf 85' lang='lat' dir='ltr'>foveri</span> <span class='ocrx_word' id='word_1_37' title='bbox 716 829 751 870; x_wconf 86' lang='lat' dir='ltr'>os</span> <span class='ocrx_word' id='word_1_38' title='bbox 770 807 909 869; x_wconf 85' lang='lat' dir='ltr'>saluberri-</span> 
     </span>
     <span class='ocr_line' id='line_1_8' title="bbox 233 889 907 972; baseline -0.01 -19"><span class='ocrx_word' id='word_1_39' title='bbox 233 910 316 955; x_wconf 84' lang='lat' dir='ltr'>mum</span> <span class='ocrx_word' id='word_1_40' title='bbox 332 890 501 951; x_wconf 79' lang='lat' dir='ltr'>est.·Potum</span> <span class='ocrx_word' id='word_1_41' title='bbox 511 891 541 950; x_wconf 90' lang='lat' dir='ltr'>id</span> <span class='ocrx_word' id='word_1_42' title='bbox 551 889 631 972; x_wconf 90' lang='lat' dir='ltr'>pellit</span> <span class='ocrx_word' id='word_1_43' title='bbox 644 892 749 961; x_wconf 84' lang='lat' dir='ltr'>tineas,</span> <span class='ocrx_word' id='word_1_44' title='bbox 762 890 794 951; x_wconf 70' lang='grc' dir='ltr'>ὅ(</span> <span class='ocrx_word' id='word_1_45' title='bbox 813 907 907 949; x_wconf 84' lang='lat' dir='ltr'>renum</span> 
     </span>
     <span class='ocr_line' id='line_1_9' title="bbox 233 967 907 1049; baseline -0.007 -16"><span class='ocrx_word' id='word_1_46' title='bbox 233 992 343 1033; x_wconf 78' lang='lat' dir='ltr'>arenas.</span> <span class='ocrx_word' id='word_1_47' title='bbox 366 969 397 1031; x_wconf 83' lang='lat' dir='ltr'>si</span> <span class='ocrx_word' id='word_1_48' title='bbox 415 972 569 1032; x_wconf 60' lang='lat' dir='ltr'>cuminum&lt;</span> <span class='ocrx_word' id='word_1_49' title='bbox 590 967 763 1049; x_wconf 84' lang='lat' dir='ltr'>adjiciatur,</span> <span class='ocrx_word' id='word_1_50' title='bbox 790 969 907 1030; x_wconf 79' lang='lat' dir='ltr'>calculos</span> 
     </span>
     <span class='ocr_line' id='line_1_10' title="bbox 228 1050 907 1134; baseline -0.012 -19"><span class='ocrx_word' id='word_1_51' title='bbox 228 1052 349 1134; x_wconf 68' lang='lat' dir='ltr'>frangit.</span> <span class='ocrx_word' id='word_1_52' title='bbox 359 1050 497 1134; x_wconf 89' lang='lat' dir='ltr'>Decoqui</span> <span class='ocrx_word' id='word_1_53' title='bbox 513 1071 580 1111; x_wconf 87' lang='lat' dir='ltr'>cum</span> <span class='ocrx_word' id='word_1_54' title='bbox 590 1051 685 1111; x_wconf 84' lang='lat' dir='ltr'>radice</span> <span class='ocrx_word' id='word_1_55' title='bbox 696 1066 833 1131; x_wconf 82' lang='lat' dir='ltr'>oportet,</span> <span class='ocrx_word' id='word_1_56' title='bbox 849 1069 907 1130; x_wconf 79' lang='lat' dir='ltr'>quae</span> 
     </span>
     <span class='ocr_line' id='line_1_11' title="bbox 218 1128 907 1214; baseline -0.003 -20"><span class='ocrx_word' id='word_1_57' title='bbox 218 1153 303 1194; x_wconf 81' lang='lat' dir='ltr'>curu</span> <span class='ocrx_word' id='word_1_58' title='bbox 318 1131 395 1194; x_wconf 84' lang='lat' dir='ltr'>foliis</span> <span class='ocrx_word' id='word_1_59' title='bbox 419 1134 452 1194; x_wconf 73' lang='grc' dir='ltr'>δι</span> <span class='ocrx_word' id='word_1_60' title='bbox 475 1132 587 1210; x_wconf 78' lang='lat' dir='ltr'>hircino</span> <span class='ocrx_word' id='word_1_61' title='bbox 606 1128 676 1194; x_wconf 87' lang='lat' dir='ltr'>sevo</span> <span class='ocrx_word' id='word_1_62' title='bbox 703 1129 838 1214; x_wconf 82' lang='lat' dir='ltr'>podagris</span> <span class='ocrx_word' id='word_1_63' title='bbox 855 1128 907 1192; x_wconf 90' lang='lat' dir='ltr'>illi·</span> 
     </span>
     <span class='ocr_line' id='line_1_12' title="bbox 234 1230 766 1276; baseline -0.009 0"><span class='ocrx_word' id='word_1_64' title='bbox 234 1230 329 1276; x_wconf 69' lang='lat' dir='ltr'>nitur.</span> <span class='ocrx_word' id='word_1_65' title='bbox 762 1247 766 1257; x_wconf 71' lang='lat'><strong><em>¹</em></strong></span> 
     </span>
     <span class='ocr_line' id='line_1_13' title="bbox 233 1291 907 1375; baseline -0.007 -20"><span class='ocrx_word' id='word_1_66' title='bbox 233 1321 239 1348; x_wconf 90' lang='lat'>.·</span> <span class='ocrx_word' id='word_1_67' title='bbox 277 1292 414 1355; x_wconf 77' lang='lat' dir='ltr'>Alterum</span> <span class='ocrx_word' id='word_1_68' title='bbox 462 1291 656 1375; x_wconf 39' lang='lat' dir='ltr'>enus,‡quod</span> <span class='ocrx_word' id='word_1_69' title='bbox 684 1291 842 1352; x_wconf 83' lang='lat' dir='ltr'>tricoccum</span> <span class='ocrx_word' id='word_1_70' title='bbox 862 1311 907 1373; x_wconf 81' lang='lat' dir='ltr'>ap·</span> 
     </span>
     <span class='ocr_line' id='line_1_14' title="bbox 234 1369 907 1459; baseline -0.009 -23"><span class='ocrx_word' id='word_1_71' title='bbox 234 1374 427 1459; x_wconf 79' lang='lat' dir='ltr'>pellavimus,</span> <span class='ocrx_word' id='word_1_72' title='bbox 485 1375 543 1434; x_wconf 89' lang='lat' dir='ltr'>alio</span> <span class='ocrx_word' id='word_1_73' title='bbox 556 1376 673 1434; x_wconf 86' lang='lat' dir='ltr'>nomine</span> <span class='ocrx_word' id='word_1_74' title='bbox 684 1369 851 1453; x_wconf 86' lang='lat' dir='ltr'>scorpiuron</span> <span class='ocrx_word' id='word_1_75' title='bbox 857 1392 907 1431; x_wconf 80' lang='lat' dir='ltr'>vo·</span> 
     </span>
     <span class='ocr_line' id='line_1_15' title="bbox 235 1448 907 1527; baseline -0.01 -9"><span class='ocrx_word' id='word_1_76' title='bbox 235 1473 341 1527; x_wconf 80' lang='lat' dir='ltr'>cetur,</span> <span class='ocrx_word' id='word_1_77' title='bbox 357 1453 434 1514; x_wconf 81' lang='lat' dir='ltr'>soliis</span> <span class='ocrx_word' id='word_1_78' title='bbox 457 1476 517 1516; x_wconf 87' lang='lat' dir='ltr'>non</span> <span class='ocrx_word' id='word_1_79' title='bbox 533 1452 630 1515; x_wconf 82' lang='lat' dir='ltr'>-solirm</span> <span class='ocrx_word' id='word_1_80' title='bbox 655 1453 838 1527; x_wconf 86' lang='lat' dir='ltr'>minoribus,</span> <span class='ocrx_word' id='word_1_81' title='bbox 862 1448 907 1511; x_wconf 85' lang='lat' dir='ltr'>sed</span> 
     </span>
     <span class='ocr_line' id='line_1_16' title="bbox 234 1529 906 1616; baseline -0.009 -19"><span class='ocrx_word' id='word_1_82' title='bbox 234 1538 326 1597; x_wconf 81' lang='lat' dir='ltr'>etiam</span> <span class='ocrx_word' id='word_1_83' title='bbox 341 1537 490 1594; x_wconf 86' lang='lat' dir='ltr'>interram</span> <span class='ocrx_word' id='word_1_84' title='bbox 505 1534 702 1616; x_wconf 79' lang='lat' dir='ltr'>vergentibus.</span> <span class='ocrx_word' id='word_1_85' title='bbox 716 1531 821 1596; x_wconf 84' lang='lat' dir='ltr'>Semen</span> <span class='ocrx_word' id='word_1_86' title='bbox 834 1533 859 1592; x_wconf 88' lang='lat' dir='ltr'>ei</span> <span class='ocrx_word' id='word_1_87' title='bbox 869 1529 906 1592; x_wconf 80' lang='lat' dir='ltr'>eu</span> 
     </span>
     <span class='ocr_line' id='line_1_17' title="bbox 239 1613 907 1697; baseline -0.006 -22"><span class='ocrx_word' id='word_1_88' title='bbox 239 1613 335 1697; x_wconf 88' lang='lat' dir='ltr'>effigie</span> <span class='ocrx_word' id='word_1_89' title='bbox 351 1613 509 1696; x_wconf 86' lang='lat' dir='ltr'>scorpionis</span> <span class='ocrx_word' id='word_1_90' title='bbox 525 1615 642 1675; x_wconf 85' lang='lat' dir='ltr'>caudae:</span> <span class='ocrx_word' id='word_1_91' title='bbox 660 1634 747 1697; x_wconf 87' lang='lat' dir='ltr'>quare</span> <span class='ocrx_word' id='word_1_92' title='bbox 760 1616 787 1674; x_wconf 91' lang='lat' dir='ltr'>ei</span> <span class='ocrx_word' id='word_1_93' title='bbox 798 1632 907 1674; x_wconf 81' lang='lat' dir='ltr'>nomen.</span> 
     </span>
     <span class='ocr_line' id='line_1_18' title="bbox 214 1688 906 1774; baseline -0.004 -19"><span class='ocrx_word' id='word_1_94' title='bbox 214 1743 217 1747; x_wconf 23' lang='lat' dir='ltr'>a</span> <span class='ocrx_word' id='word_1_95' title='bbox 235 1694 295 1764; x_wconf 61' lang='lat' dir='ltr'>,vis</span> <span class='ocrx_word' id='word_1_96' title='bbox 307 1694 347 1756; x_wconf 82' lang='lat' dir='ltr'>ad</span> <span class='ocrx_word' id='word_1_97' title='bbox 362 1697 459 1756; x_wconf 87' lang='lat' dir='ltr'>omnia</span> <span class='ocrx_word' id='word_1_98' title='bbox 472 1711 617 1756; x_wconf 85' lang='lat' dir='ltr'>venenata</span> <span class='ocrx_word' id='word_1_99' title='bbox 635 1696 668 1758; x_wconf 89' lang='lat'>&amp;</span> <span class='ocrx_word' id='word_1_100' title='bbox 690 1693 793 1774; x_wconf 77' lang='lat' dir='ltr'>phalari</span> <span class='ocrx_word' id='word_1_101' title='bbox 812 1688 906 1753; x_wconf 78' lang='lat' dir='ltr'>ia2sed</span> 
     </span>
     <span class='ocr_line' id='line_1_19' title="bbox 221 1714 908 1858; baseline -0.01 -19"><span class='ocrx_word' id='word_1_102' title='bbox 221 1818 223 1822; x_wconf 91' lang='lat'><em>-</em></span> <span class='ocrx_word' id='word_1_103' title='bbox 236 1793 340 1839; x_wconf 89' lang='lat' dir='ltr'>contra</span> <span class='ocrx_word' id='word_1_104' title='bbox 359 1775 524 1857; x_wconf 83' lang='lat' dir='ltr'>scorpiones</span> <span class='ocrx_word' id='word_1_105' title='bbox 561 1775 684 1858; x_wconf 73' lang='lat' dir='ltr'>raecipue</span> <span class='ocrx_word' id='word_1_106' title='bbox 700 1774 781 1835; x_wconf 81' lang='lat' dir='ltr'>illita.</span> <span class='ocrx_word' id='word_1_107' title='bbox 793 1714 908 1836; x_wconf 68' lang='lat' dir='ltr'>lionse·</span> 
     </span>
     <span class='ocr_line' id='line_1_20' title="bbox 234 1797 907 1917; baseline -0.003 0"><span class='ocrx_word' id='word_1_108' title='bbox 234 1860 348 1917; x_wconf 85' lang='lat' dir='ltr'>ciuntur</span> <span class='ocrx_word' id='word_1_109' title='bbox 367 1857 516 1917; x_wconf 86' lang='lat' dir='ltr'>habentes.</span> <span class='ocrx_word' id='word_1_110' title='bbox 537 1797 574 1916; x_wconf 66' lang='lat' dir='ltr'>Et</span> <span class='ocrx_word' id='word_1_111' title='bbox 584 1859 608 1916; x_wconf 86' lang='lat' dir='ltr'>si</span> <span class='ocrx_word' id='word_1_112' title='bbox 620 1874 724 1916; x_wconf 87' lang='lat' dir='ltr'>terram</span> <span class='ocrx_word' id='word_1_113' title='bbox 738 1854 850 1916; x_wconf 87' lang='lat' dir='ltr'>surculo</span> <span class='ocrx_word' id='word_1_114' title='bbox 861 1855 907 1915; x_wconf 78' lang='lat' dir='ltr'>he·</span> 
     </span>
     <span class='ocr_line' id='line_1_21' title="bbox 234 1933 909 2019; baseline -0.01 -19"><span class='ocrx_word' id='word_1_115' title='bbox 234 1937 367 2017; x_wconf 78' lang='lat' dir='ltr'>liotropii</span> <span class='ocrx_word' id='word_1_116' title='bbox 376 1934 587 1996; x_wconf 85' lang='lat' dir='ltr'>circumscribat</span> <span class='ocrx_word' id='word_1_117' title='bbox 598 1937 714 2019; x_wconf 87' lang='lat' dir='ltr'>aliquis,</span> <span class='ocrx_word' id='word_1_118' title='bbox 725 1952 832 2017; x_wconf 86' lang='lat' dir='ltr'>negant</span> <span class='ocrx_word' id='word_1_119' title='bbox 841 1933 909 1995; x_wconf 88' lang='lat' dir='ltr'>scor·</span> 
     </span>
     <span class='ocr_line' id='line_1_22' title="bbox 204 2014 909 2100; baseline -0.009 -23"><span class='ocrx_word' id='word_1_120' title='bbox 204 2020 213 2035; x_wconf 83' lang='lat'><em>⁰</em></span> <span class='ocrx_word' id='word_1_121' title='bbox 234 2021 359 2100; x_wconf 84' lang='lat' dir='ltr'>pionem</span> <span class='ocrx_word' id='word_1_122' title='bbox 380 2016 490 2098; x_wconf 75' lang='lat' dir='ltr'>egredi.</span> <span class='ocrx_word' id='word_1_123' title='bbox 510 2014 650 2098; x_wconf 75' lang='lat' dir='ltr'>Impositi</span> <span class='ocrx_word' id='word_1_124' title='bbox 659 2018 732 2078; x_wconf 78' lang='lat' dir='ltr'>verb</span> <span class='ocrx_word' id='word_1_125' title='bbox 747 2016 853 2088; x_wconf 75' lang='lat' dir='ltr'>herba,</span> <span class='ocrx_word' id='word_1_126' title='bbox 865 2027 909 2072; x_wconf 88' lang='lat' dir='ltr'>aut</span> 
     </span>
     <span class='ocr_line' id='line_1_23' title="bbox 235 2091 908 2179; baseline -0.006 -22"><span class='ocrx_word' id='word_1_127' title='bbox 235 2097 297 2158; x_wconf 76' lang='lat' dir='ltr'>adt</span> <span class='ocrx_word' id='word_1_128' title='bbox 308 2098 428 2158; x_wconf 85' lang='lat' dir='ltr'>omnino</span> <span class='ocrx_word' id='word_1_129' title='bbox 440 2094 615 2179; x_wconf 87' lang='lat' dir='ltr'>respersum,</span> <span class='ocrx_word' id='word_1_130' title='bbox 625 2099 754 2178; x_wconf 87' lang='lat' dir='ltr'>protinus</span> <span class='ocrx_word' id='word_1_131' title='bbox 764 2099 848 2157; x_wconf 81' lang='lat' dir='ltr'>moti.</span> <span class='ocrx_word' id='word_1_132' title='bbox 859 2091 908 2154; x_wconf 82' lang='lat' dir='ltr'>Se⁴</span> 
     </span>
     <span class='ocr_line' id='line_1_24' title="bbox 196 2179 909 2260; baseline -0.006 -22"><span class='ocrx_word' id='word_1_133' title='bbox 196 2253 198 2257; x_wconf 91' lang='lat'>.</span> <span class='ocrx_word' id='word_1_134' title='bbox 235 2179 323 2238; x_wconf 81' lang='lat' dir='ltr'>ruinis</span> <span class='ocrx_word' id='word_1_135' title='bbox 339 2198 426 2259; x_wconf 87' lang='lat' dir='ltr'>grana</span> <span class='ocrx_word' id='word_1_136' title='bbox 440 2196 567 2258; x_wconf 86' lang='lat' dir='ltr'>quatuor</span> <span class='ocrx_word' id='word_1_137' title='bbox 585 2195 671 2259; x_wconf 85' lang='lat' dir='ltr'>pota,</span> <span class='ocrx_word' id='word_1_138' title='bbox 691 2179 836 2260; x_wconf 85' lang='lat' dir='ltr'>quartanis</span> <span class='ocrx_word' id='word_1_139' title='bbox 844 2194 909 2257; x_wconf 91' lang='lat' dir='ltr'>pro·</span> 
     </span>
     <span class='ocr_line' id='line_1_25' title="bbox 234 2254 909 2331; baseline -0.009 -12"><span class='ocrx_word' id='word_1_140' title='bbox 234 2255 317 2319; x_wconf 81' lang='lat' dir='ltr'>desse</span> <span class='ocrx_word' id='word_1_141' title='bbox 337 2259 488 2331; x_wconf 87' lang='lat' dir='ltr'>dicuntur,</span> <span class='ocrx_word' id='word_1_142' title='bbox 500 2260 554 2317; x_wconf 87' lang='lat' dir='ltr'>tria</span> <span class='ocrx_word' id='word_1_143' title='bbox 571 2260 645 2319; x_wconf 76' lang='lat' dir='ltr'>vero</span> <span class='ocrx_word' id='word_1_144' title='bbox 663 2259 807 2319; x_wconf 88' lang='lat' dir='ltr'>tenianis:</span> <span class='ocrx_word' id='word_1_145' title='bbox 822 2255 870 2315; x_wconf 87' lang='lat' dir='ltr'>vel</span> <span class='ocrx_word' id='word_1_146' title='bbox 886 2254 909 2313; x_wconf 83' lang='lat' dir='ltr'>si</span> 
     </span>
     <span class='ocr_line' id='line_1_26' title="bbox 236 2335 910 2418; baseline -0.013 -16"><span class='ocrx_word' id='word_1_147' title='bbox 236 2337 330 2402; x_wconf 72' lang='lat' dir='ltr'>herba</span> <span class='ocrx_word' id='word_1_148' title='bbox 347 2335 407 2418; x_wconf 85' lang='lat' dir='ltr'>ipsa</span> <span class='ocrx_word' id='word_1_149' title='bbox 422 2354 466 2401; x_wconf 83' lang='lat' dir='ltr'>ter</span> <span class='ocrx_word' id='word_1_150' title='bbox 484 2338 649 2399; x_wconf 87' lang='lat' dir='ltr'>circumlata</span> <span class='ocrx_word' id='word_1_151' title='bbox 666 2336 827 2417; x_wconf 83' lang='lat' dir='ltr'>subjiciatur</span> <span class='ocrx_word' id='word_1_152' title='bbox 838 2335 910 2416; x_wconf 88' lang='lat' dir='ltr'>capi·</span> 
     </span>
     <span class='ocr_line' id='line_1_27' title="bbox 236 2413 909 2480; baseline -0.01 0"><span class='ocrx_word' id='word_1_153' title='bbox 236 2422 270 2480; x_wconf 84' lang='lat' dir='ltr'>ti.</span> <span class='ocrx_word' id='word_1_154' title='bbox 285 2416 392 2480; x_wconf 84' lang='lat' dir='ltr'>Semen</span> <span class='ocrx_word' id='word_1_155' title='bbox 408 2419 442 2478; x_wconf 73' lang='grc' dir='ltr'>δι</span> <span class='ocrx_word' id='word_1_156' title='bbox 459 2417 608 2479; x_wconf 80' lang='lat' dir='ltr'>Venerem</span> <span class='ocrx_word' id='word_1_157' title='bbox 619 2417 751 2480; x_wconf 80' lang='lat' dir='ltr'>stimulat.</span> <span class='ocrx_word' id='word_1_158' title='bbox 762 2415 839 2478; x_wconf 87' lang='lat' dir='ltr'>Cum</span> <span class='ocrx_word' id='word_1_159' title='bbox 845 2413 909 2476; x_wconf 83' lang='lat' dir='ltr'>mel·</span> 
     </span>
     <span class='ocr_line' id='line_1_28' title="bbox 236 2495 909 2577; baseline -0.007 -18"><span class='ocrx_word' id='word_1_160' title='bbox 236 2499 268 2559; x_wconf 87' lang='lat' dir='ltr'>le</span> <span class='ocrx_word' id='word_1_161' title='bbox 286 2521 376 2577; x_wconf 87' lang='lat' dir='ltr'>panos</span> <span class='ocrx_word' id='word_1_162' title='bbox 391 2498 514 2561; x_wconf 83' lang='lat' dir='ltr'>discutit.</span> <span class='ocrx_word' id='word_1_163' title='bbox 536 2498 573 2559; x_wconf 80' lang='lat' dir='ltr'>Et</span> <span class='ocrx_word' id='word_1_164' title='bbox 591 2495 798 2561; x_wconf 62' lang='lat' dir='ltr'>verrucas&#39;hoc</span> <span class='ocrx_word' id='word_1_165' title='bbox 816 2498 909 2577; x_wconf 88' lang='lat' dir='ltr'>utique</span> 
     </span>
     <span class='ocr_line' id='line_1_29' title="bbox 237 2572 910 2660; baseline -0.009 -20"><span class='ocrx_word' id='word_1_166' title='bbox 237 2579 445 2660; x_wconf 72' lang='lat' dir='ltr'>heliotropium</span> <span class='ocrx_word' id='word_1_167' title='bbox 457 2580 592 2640; x_wconf 75' lang='lat' dir='ltr'>radicitus</span> <span class='ocrx_word' id='word_1_168' title='bbox 612 2579 750 2653; x_wconf 86' lang='lat' dir='ltr'>extrahit,</span> <span class='ocrx_word' id='word_1_169' title='bbox 762 2580 793 2639; x_wconf 74' lang='grc' dir='ltr'>ὃ(</span> <span class='ocrx_word' id='word_1_170' title='bbox 804 2572 910 2638; x_wconf 81' lang='lat' dir='ltr'>excres-</span> 
     </span>
     <span class='ocr_line' id='line_1_30' title="bbox 217 2656 910 2741; baseline -0.009 -22"><span class='ocrx_word' id='word_1_171' title='bbox 217 2661 334 2720; x_wconf 83' lang='lat' dir='ltr'>-centia</span> <span class='ocrx_word' id='word_1_172' title='bbox 351 2663 381 2720; x_wconf 90' lang='lat' dir='ltr'>in</span> <span class='ocrx_word' id='word_1_173' title='bbox 397 2659 521 2721; x_wconf 82' lang='lat' dir='ltr'>sedibus.</span> <span class='ocrx_word' id='word_1_174' title='bbox 537 2657 631 2740; x_wconf 81' lang='lat' dir='ltr'>Spinae</span> <span class='ocrx_word' id='word_1_175' title='bbox 652 2678 769 2741; x_wconf 87' lang='lat' dir='ltr'>quoque</span> <span class='ocrx_word' id='word_1_176' title='bbox 786 2679 820 2718; x_wconf 90' lang='lat' dir='ltr'>ac</span> <span class='ocrx_word' id='word_1_177' title='bbox 842 2656 910 2715; x_wconf 80' lang='lat' dir='ltr'>lurn-</span> 
     </span>
     <span class='ocr_line' id='line_1_31' title="bbox 236 2737 909 2830; baseline 0.003 -36"><span class='ocrx_word' id='word_1_178' title='bbox 236 2737 343 2799; x_wconf 85' lang='lat' dir='ltr'>borunt</span> <span class='ocrx_word' id='word_1_179' title='bbox 358 2740 521 2823; x_wconf 84' lang='lat' dir='ltr'>sauguinem</span> <span class='ocrx_word' id='word_1_180' title='bbox 540 2757 706 2830; x_wconf 78' lang='lat' dir='ltr'>corruptum</span> <span class='ocrx_word' id='word_1_181' title='bbox 715 2739 801 2798; x_wconf 88' lang='lat' dir='ltr'>trahit</span> <span class='ocrx_word' id='word_1_182' title='bbox 810 2737 909 2796; x_wconf 78' lang='lat' dir='ltr'>illitum</span> 
     </span>
    </p>
   </div>
   <div class='ocr_carea' id='block_1_3' title="bbox 233 2811 911 2905">
    <p class='ocr_par' dir='ltr' id='par_1_3' title="bbox 233 2811 911 2905">
     <span class='ocr_line' id='line_1_32' title="bbox 233 2811 911 2905; baseline 0.012 -28"><span class='ocrx_word' id='word_1_183' title='bbox 233 2811 355 2894; x_wconf 73' lang='lat' dir='ltr'>semen,</span> <span class='ocrx_word' id='word_1_184' title='bbox 369 2821 410 2885; x_wconf 52' lang='lat'>2&amp;</span> <span class='ocrx_word' id='word_1_185' title='bbox 424 2837 529 2904; x_wconf 75' lang='lat' dir='ltr'>potum</span> <span class='ocrx_word' id='word_1_186' title='bbox 537 2865 550 2896; x_wconf 86' lang='lat'>,</span> <span class='ocrx_word' id='word_1_187' title='bbox 565 2822 600 2882; x_wconf 84' lang='lat' dir='ltr'>in</span> <span class='ocrx_word' id='word_1_188' title='bbox 611 2836 685 2904; x_wconf 69' lang='lat' dir='ltr'>pure</span> <span class='ocrx_word' id='word_1_189' title='bbox 696 2818 844 2905; x_wconf 79' lang='lat' dir='ltr'>gallinacei</span> <span class='ocrx_word' id='word_1_190' title='bbox 861 2815 911 2885; x_wconf 80' lang='lat' dir='ltr'>dt·</span> 
     </span>
    </p>
   </div>
   <div class='ocr_carea' id='block_1_4' title="bbox 0 0 992 3600">
    <p class='ocr_par' dir='ltr' id='par_1_4' title="bbox 0 0 992 3600">
     <span class='ocr_line' id='line_1_33' title="bbox 0 0 992 3600; baseline 0 0"><span class='ocrx_word' id='word_1_191' title='bbox 0 0 992 3600; x_wconf 95' lang='lat' dir='ltr'> </span> 
     </span>
    </p>
   </div>
  </div>
 </body>
</html>
