1967 3600
225 286 294 349 110
345 260 379 332 C.
404 260 828 337 PtrurtNarvn.

221 403 279 448 tur.
296 383 371 446 Item
393 381 548 444 testudines
568 399 634 440 cum
652 377 834 460 serpentibus
854 399 914 460 pu·

223 483 351 550 gnaturae
371 464 423 524 hac
444 461 473 522 se
499 462 656 521 muniunt:
678 461 856 542 quidamque
878 464 912 523 in

223 551 282 608 hoc
293 545 341 607 usu
352 562 507 626 panaceam
526 559 643 602 vocant.
655 538 747 613 Sedat¹
758 542 791 603 &
803 557 913 601 tumo-

223 648 290 698 res,
311 628 343 687 &
361 623 487 686 virilium
511 621 608 693 mala,
630 623 733 694 sicca,
757 620 807 682 vel
825 619 912 681 follis

226 708 318 779 tritis,
337 706 368 764 in
394 705 475 764 omni
499 700 551 762 usu
578 702 652 762 mire
680 720 848 782 congruens
873 721 913 762 ex

224 806 306 849 vano.

265 860 358 925 LXII.
373 859 422 922 Est
439 862 492 921 alia
506 862 618 936 cunila,
631 859 786 943 gallinacea
805 861 912 942 appel·

224 945 281 1006 lata
301 941 421 1014 nostris,
440 941 550 1003 Graecis
561 945 711 1025 origanum
733 942 910 1002 heracleoti-

225 1046 305 1086 cum·
327 1021 446 1083 Prodest
462 1023 626 1083 oculistrira
637 1023 736 1082 addito
751 1021 912 1083 sale.Tus·

225 1108 281 1166 sIm
302 1123 419 1185 quoque
438 1103 589 1176 emendat,
600 1104 632 1163 δι
647 1101 808 1180 jocInerum
826 1104 912 1163 vitia.

225 1185 359 1246 Laterum
377 1182 493 1243 dolores
506 1204 573 1243 cum
589 1181 700 1256 farina,
718 1183 786 1243 oleo
797 1183 831 1243 δι
842 1203 911 1243 ace·

225 1282 258 1327 to
269 1268 299 1325 in
311 1262 676 1345 sorbitionemtemperata.
696 1260 845 1344 Praecipue
856 1283 911 1325 ve-

226 1348 261 1407 ro
272 1345 448 1426 serpentium
465 1343 589 1405 morsus.

268 1424 375 1486 LXIII.
396 1423 529 1503 Tertium
541 1444 633 1505 genus
653 1420 694 1505 esi
715 1421 797 1500 ejus,
816 1442 910 1506 quaea

227 1504 337 1568 Graecis
356 1502 492 1574 mascula,
509 1525 526 1563 a
545 1502 648 1564 nostris
668 1505 799 1586 cunilago
818 1526 911 1566 voca·

227 1604 274 1648 tur
280 1630 291 1658 ,
308 1586 407 1647 odoris
419 1582 509 1658 foedi,
523 1585 623 1645 radicis
641 1583 774 1665 lignosa,
785 1585 860 1646 solio
871 1580 911 1644 as·

228 1687 312 1748 pero.
330 1664 416 1725 Vires
431 1663 493 1742 ejus
512 1665 779 1725 vehementissimas
798 1667 830 1723 in
847 1685 910 1727 om·

227 1748 310 1808 nibus
334 1744 484 1828 generibus
503 1765 600 1807 earum
611 1746 736 1808 tradunt.
753 1744 910 1828 Manipulo

229 1846 347 1909 quoque
369 1826 431 1905 ejus
454 1824 590 1905 abjesto‚
612 1847 716 1887 omnes
737 1848 755 1887 e
772 1829 836 1888 tots
856 1828 911 1908 *do-

228 1927 279 1967 mo
290 1906 393 1967 blattas
402 1908 560 1978 convenire
572 1908 607 1971 ad
618 1927 693 1967 eam.
710 1906 849 1974 PrIvatim
860 1906 911 1966 ad·

227 1989 329 2047 versus
349 1984 515 2067 scorpiones
535 2006 571 2047 ex
592 1986 679 2069 poscai
703 1987 823 2070 pollere.
845 1986 911 2066 Tri-

227 2067 282 2127 bus
301 2066 378 2127 soliis
397 2086 433 2126 ex
451 2067 522 2128 oleo
542 2067 681 2150 perundo
709 2069 849 2142 homine,
867 2067 911 2129 fu·

229 2150 289 2229 gari
304 2144 461 2286 serpentes.
618 2210 622 2219 ,
639 2211 643 2217 ,
874 2219 876 2224 Ι

232 2284 234 2289 .
270 2226 339 2287 LXI
371 2273 377 2287 .
396 2229 420 2287 E
439 2230 583 2288 contrario
597 2249 661 2309 quae
672 2228 767 2289 mollis
775 2244 911 2294 vocatur·

149 2311 156 2324 ⁴
229 2307 416 2392 pilosioribus
435 2307 514 2368 foliis
536 2329 569 2377 ac
589 2312 674 2369 ramis
689 2310 911 2383 aculeatis,trita

230 2388 327 2450 mellis
348 2389 473 2450 odorem
499 2387 604 2459 habet,
627 2390 723 2472 digitis
743 2389 818 2450 tadu
849 2387 911 2463 eius

230 2468 499 2531 cohaerescentibus.
519 2467 621 2542 Altera
639 2472 747 2544 thuris,
769 2491 858 2552 quam
878 2470 911 2527 li·

230 2549 400 2614 banotidem
420 2548 618 2632 appellamus..
632 2550 771 2611 Medetur
790 2565 909 2632 utraque

230 2647 333 2690 contra
350 2628 496 2710 serpentes
514 2651 552 2691 ex
570 2632 640 2692 vino
658 2630 708 2691 vel
727 2647 819 2692 aceto.
837 2629 912 2690 Puli·

230 2726 281 2767 ces
301 2711 389 2769 etiam
407 2712 538 2771 contritae
554 2709 621 2772 oum
645 2712 720 2797 aqui
741 2709 841 2794 sparsae
860 2729 910 2775 ne·
972 2767 973 2770 ,

230 2803 307 2846 cant.
903 2823 906 2830 ·
972 2805 973 2808 ’
