1967 3600
172 305 381 375 Hieron.
401 304 476 375 Lib.
489 299 587 375 XXI.
642 325 703 400 ¹93

53 424 177 499 medetur,
198 423 308 485 duabus
335 422 465 504 partibus
486 426 560 484 aceti
585 425 711 506 permit·

53 517 101 570 hu.
116 504 323 587 sampsuchum
334 505 395 566 sive
407 525 588 575 amaracum,
607 507 637 564 in
646 503 713 585 Cy·-

55 604 88 664 pro
97 587 321 647 laudatissimum
331 585 364 646 &
372 585 625 659 odoratissimum,
638 583 715 645 scor·

54 668 164 744 pionibus
185 665 366 738 adversatur,
379 686 415 725 ex
434 684 518 727 acero
538 687 571 727 ac
586 665 642 726 sale
661 666 714 726 illi·

13 807 15 828 y
54 762 102 808 uu.
125 746 280 807 Menstruis
297 766 415 828 quoque
440 748 564 807 multirm
593 745 712 809 confert

13 845 14 866 ³
55 825 209 907 inpositum.
221 826 321 887 Minor
332 825 374 887 est
386 826 481 887 eidem
493 844 565 910 poto
574 829 629 888 vis.
642 826 710 889 Co·

56 905 113 968 hibet
127 910 159 970 &
176 905 329 969 oculorum
345 907 499 987 epiphoras
514 927 581 967 cum
602 909 711 988 polen-

13 999 14 1022 ¹
57 986 197 1049 nsuccas
213 986 324 1048 decoffl
345 990 470 1048 tormina
480 986 601 1050 discutit.
611 988 647 1050 Et
656 992 714 1049 uri·

57 1069 86 1127 nis
99 1070 130 1131 δι
150 1067 320 1150 hydropicis
336 1068 417 1128 utile.
439 1068 546 1128 Movet
558 1070 713 1131 &aridum

58 1145 262 1210 sternutamenta.
283 1148 334 1209 Fit¹
350 1169 387 1209 ex
404 1170 440 1209 eo
463 1149 712 1231 &oleum,quod
814 1197 822 1216 o

58 1224 260 1311 sampsuchinum
282 1247 402 1291 vocatur
427 1244 477 1289 aut
501 1232 712 1302 amaracinum,

13 1363 15 1390 Γ
60 1309 85 1368 td
98 1310 321 1371 excalfaciendos
344 1308 575 1390 molliendosque
591 1330 714 1372 nervos:

59 1388 182 1452 &vulvas
192 1390 314 1451 calfacit.
334 1390 417 1450 Folia
425 1388 559 1472 sugillatis
569 1410 635 1450 cum
647 1391 718 1452 mel·

58 1467 91 1539 le,
106 1473 137 1533 δι
153 1473 254 1532 luxatis
273 1492 339 1531 cum
355 1471 421 1531 ceri
436 1469 565 1552 prosunt.
622 1480 625 1485 ’

87 1550 186 1614 XCIV.
197 1573 253 1635 η.
274 1551 443 1613 Anemonas
466 1552 631 1614 coronarias
653 1568 716 1613 tan·

59 1632 105 1690 tlnn
123 1633 244 1693 diximus
261 1655 271 1694 r
294 1652 369 1691 nunc
389 1631 547 1692 reddemus
568 1634 600 1693 &
618 1634 716 1693 medi·

59 1731 102 1773 cas.
119 1711 189 1774 Sunt
203 1715 254 1794 qui
276 1712 417 1794 phrenion
431 1731 550 1775 vocent.
568 1712 639 1774 Duo
652 1712 714 1793 ejus

60 1812 165 1872 genera:
180 1791 317 1856 silvestris
336 1795 450 1874 prima,
463 1796 562 1867 ,altera
581 1797 610 1854 in
632 1796 716 1856 cultis

60 1872 172 1952 nascens3
189 1872 318 1956 utraque
339 1873 485 1935 sabulosis.
505 1875 600 1953 Hujus
618 1878 715 1960 plures

60 1951 157 2031 species·
170 1957 233 2018 Aut
253 1957 332 2016 enim
345 1956 528 2038 phoeniceum
543 1959 646 2018 florem
666 1958 716 2019 ha·

51 2031 114 2107 lter,
127 2059 186 2119 quae
203 2039 238 2099 δι
257 2039 456 2118 copiosissima
472 2037 533 2098 est:
553 2055 600 2099 aut
610 2060 717 2120 purpu-

60 2134 140 2191 reum,
152 2136 199 2178 aut
208 2117 339 2178 lalleum.
350 2117 461 2177 Harum
470 2121 556 2178 trium
568 2117 637 2179 folia
647 2122 715 2202 apio

56 2196 145 2257 similia
161 2198 233 2260 suut.
252 2197 316 2260 Nec
336 2215 447 2259 temere
463 2197 641 2281 semipedem
657 2203 719 2261 alti·

59 2276 143 2340 tudine
158 2280 318 2350 excedunt,
334 2282 482 2340 cacumine
502 2279 635 2362 asparagi.
646 2281 717 2341 Flos

60 2376 199 2441 numquam
221 2359 250 2421 se
272 2362 381 2443 aperit,
397 2362 452 2421 nisi
470 2381 561 2423 vento
580 2361 720 2440 spirante:
788 2394 790 2399 s

58 2437 126 2497 unde
139 2442 169 2501 ὅ(
183 2462 291 2502 nomen
309 2461 458 2522 accepere.
476 2439 605 2500 Silvestri
620 2438 723 2519 ampli·

57 2517 124 2577 tudo
131 2518 234 2598 maior,
244 2521 445 2604 latioribusque
456 2518 551 2593 foliis,
562 2518 633 2577 flore
643 2519 723 2599 phoe·

59 2597 143 2659 niceo.
153 2601 250 2675 Hanc,
265 2623 362 2662 errore
371 2600 464 2672 ducti,
476 2618 663 2682 argemonem
673 2620 723 2680 pu·

57 2682 210 2743 tantmulti:
223 2682 269 2742 alii
277 2681 506 2764 rursus-papaver
513 2727 524 2754 ,
534 2679 614 2762 quod
624 2680 723 2741 rhoeatt

59 2759 265 2836 appellavimus.
282 2761 341 2822 Sed
356 2761 496 2822 distinctio
514 2762 723 2844 magna‚quhd

60 2851 169 2918 utraque
190 2844 251 2902 haec
274 2841 376 2924 postea
394 2843 488 2906 floret.
511 2842 575 2906 Nec
587 2859 643 2904 -aut
660 2842 724 2906 suc·

102 2919 192 2984 Turnus
211 2924 229 2984 1
233 2925 272 2988 V.
592 2923 607 2986 l
