1967 3600
230 246 280 341 46
331 242 583 317 CParnrr
607 243 813 319 ΝΛΜ.

230 367 401 430 militaribus
409 362 724 427 celebratumzalternis
731 365 779 448 qui
801 386 838 449 pe
845 384 931 433 verr?

228 452 309 511 sibus
326 449 537 530 exprobravere
554 390 814 522 lapsantsevixille
831 452 920 532 apud

229 529 446 614 Dyrrachium,
476 527 667 667 praemiorum
704 531 920 608 parsimoniam

228 612 426 673 cavillantes:
455 626 474 669 e
523 605 677 667 autemid
704 626 792 690 cyma
823 612 919 676 silve.

227 692 300 755 siris.
429 727 431 731 .

269 769 360 831 XLII.
381 766 525 829 Omnium
550 767 761 828 hortensiorum
783 767 918 831 lautissi-

228 870 277 912 ma
296 871 363 910 cura
379 851 528 932 asparagis.
544 847 595 908 De
615 849 725 929 origine
750 868 852 910 eorum
880 855 932 914 in1

225 930 403 994 silvestribus
424 934 499 990 curis
519 927 632 999 abunde
647 929 770 1002 didam,
787 931 819 990 δε
834 944 924 1014 quoi

226 1012 385 1072 modoeos
399 1010 513 1091 iuberet
528 1008 603 1070 Cato
624 1010 654 1067 in
675 1010 851 1071 arundinetis
865 1011 929 1074 se»¹

226 1094 262 1152 ri.
282 1091 331 1153 Est
347 1094 381 1155 &
397 1086 483 1152 aliud
498 1110 589 1173 genus
604 1090 740 1150 incultius
753 1086 929 1174 asparagos

224 1174 323 1235 mitius
332 1172 469 1243 corrudi,
481 1173 589 1252 passim
598 1171 685 1229 etiam
692 1172 930 1234 montibus'nass

225 1273 312 1328 cens,
328 1252 443 1315 refertis
469 1251 623 1334 superioris
643 1250 808 1314 Germaniae
826 1275 928 1314 cam·'

249 1336 292 1407 is,
309 1355 370 1396 non
393 1331 511 1394 inficeto
528 1331 639 1392 Tiberii
663 1330 784 1394 Caesaris
807 1332 888 1395 dido
900 1373 925 1412 ‚-

226 1356 344 1476 lierbam
361 1415 402 1474 ibi
421 1413 575 1494 quamdam
595 1410 670 1470 nasci
682 1413 854 1473 simillimam
865 1415 926 1475 asal

248 1516 343 1577 urago.
362 1494 439 1554 Nam
455 1493 536 1575 qubd
555 1494 585 1551 in
610 1490 718 1553 Neside
737 1491 928 1575 Campaniae-'¹

225 1576 316 1636 ansul&
327 1574 429 1656 sponte
444 1573 582 1644 nascitur,
595 1573 682 1654 longe
734 1577 836 1633 timum
846 1579 926 1635 exi-⁴³

174 1656 176 1667 '
225 1655 364 1717 stimatur.
384 1654 571 1715 Hortensium
588 1595 848 1736 seriturolirongiis:
862 1655 925 1719 est³

223 1738 304 1796 enim
345 1735 453 1795 lurimae
480 1735 600 1808 radicis,
626 1730 818 1817 altissimeque
837 1755 925 1819 ger-2

223 1821 321 1878 minat.
362 1819 415 1877 iret
424 1815 525 1897 thyrso
541 1818 664 1897 priminas
678 1820 835 1877 emicante:
854 1820 925 1900 qui·

222 1898 335 1957 caulem
355 1898 501 1970 educens,
524 1914 657 2037 ternpore
678 1896 741 1978 ipso
759 1895 907 1979 fastigatus

224 1980 255 2037 in
275 1994 356 2037 toros
374 1975 494 2038 striatur.
508 1978 580 2039 Pote
617 1978 652 2039 δι
670 1977 779 2042 semine
797 1976 861 2038 seri.
921 2007 924 2016 «

247 2056 342 2118 ··Nihir
373 2058 534 2141 diligentius
562 2059 783 2139 comprehendit
803 2056 881 2119 Cato
890 2071 924 2132 3¹

220 2140 471 2221 novissimumque
491 2139 558 2199 libri
576 2137 637 2212 est,
655 2155 687 2199 ut
700 2156 840 2220 ‘appareat
851 2157 925 2201 te·‘

245 2221 370 2279 entinam
389 2242 421 2279 ac
439 2221 580 2280 novitiam
599 2221 664 2278 viro
690 2237 787 2279 curam
809 2218 913 2284 fuisset·

221 2242 334 2362 locum
352 2300 443 2382 subigi
453 2299 535 2382 jubet
548 2299 697 2359 humidum
714 2301 746 2360 &
762 2298 903 2365 craffumr

223 2380 390 2463 semipedali
404 2382 531 2462 undique
546 2379 698 2440 intervallo
712 2379 783 2451 seri,
799 2401 836 2441 ne
845 2382 924 2443 calc»

222 2480 312 2523 cetur.
333 2460 474 2523 Praeterea
495 2462 533 2521 ad
553 2461 668 2520 lineam
680 2481 765 2543 grana
775 2460 841 2521 bina
850 2480 902 2524 aut
920 2479 922 2484 '

220 2557 302 2601 torna
312 2544 418 2623 paxillo
431 2543 542 2603 demitti
553 2566 560 2603 :
571 2541 707 2602 videlicet
717 2540 823 2603 semine
836 2557 902 2604 tum

221 2623 333 2681 tarrtbm
342 2621 524 2682 serebantur:
535 2623 564 2681 id
574 2621 635 2682 sieri
646 2622 801 2682 secundum
813 2626 902 2703 aequi·
914 2635 916 2642 ’

221 2702 351 2761 nodlium
365 2721 504 2776 vernuma
521 2699 655 2762 Stercore
677 2703 785 2777 satiari,
797 2704 901 2764 crebri)
916 2727 922 2743 ¹

221 2783 353 2861 purgari,
362 2784 459 2850 careri
468 2803 506 2846 ne
515 2802 581 2848 cum
595 2782 697 2844 herbis·
703 2783 842 2847 evellatur
853 2781 914 2853 asf-
