1967 3600
253 276 459 356 Hieron.
479 284 552 357 Lib.
564 286 663 359 XIX.
741 311 783 385 31

32 408 36 487 s
115 401 234 466 crescere
251 404 352 466 hieme
362 427 369 466 ε
379 425 472 466 verno
482 422 601 477 autem,
620 407 687 466 ciam
702 426 789 547 appa-

30 514 32 565 g
113 487 306 560 meritviola,
322 488 411 546 minui
428 487 461 548 &
478 487 703 558 contrahimur
733 491 789 550 eiu·

29 582 31 633 ς
113 565 146 626 de
158 566 280 627 bulbum
299 564 499 650 pinguescere.

28 658 29 667 ¹
104 698 108 706 ,
146 645 193 707 Est
218 650 298 708 inter
326 669 431 731 genera
452 648 484 708 &
503 647 585 729 quod
602 648 633 708 in
655 647 790 731 AEgypto

111 747 175 788 aron
194 746 327 799 vocant,
350 727 439 789 scillae
469 733 634 809 proximum
653 730 791 811 amplitu-

111 807 192 882 dine,
215 808 298 869 foliis
317 810 344 868 la
364 810 441 883 athi,
456 809 536 869 caule
551 809 790 871 teiloduiimcu·

26 928 28 961 7
110 885 228 949 bitorum
235 934 247 962 ,
269 831 369 951 baculi
385 889 568 950 crassitudine
580 936 590 961 ‚
602 891 697 951 radice
712 891 791 951 mol·

26 972 28 1023 i
109 966 181 1029 lioris
197 988 325 1043 naturae,
337 991 404 1052 quae
422 970 524 1030 edatur
541 971 574 1032 δι
589 971 686 1032 cruda.
701 969 787 1031 Effo-

26 1048 28 1133 ᾗ
109 1047 218 1110 diuotur
234 1052 322 1112 bulbi
336 1068 402 1111 ante
416 1070 491 1123 ver,
506 1067 555 1110 aut
575 1049 731 1113 deteriores
753 1052 790 1112 il-

26 1140 28 1165 l
110 1127 161 1189 lico
181 1129 265 1193 fiunt.
283 1131 406 1214 Signum
426 1132 628 1204 maturitatis,
640 1132 711 1193 folia
725 1134 789 1192 ina-

26 1250 28 1253 *
111 1208 243 1272 rescentia
258 1213 301 1274 ab
319 1216 405 1285 im03
431 1209 659 1294 vetustioresque
678 1214 791 1294 impro-

26 1296 27 1357 j
105 1287 188 1352 bant:
205 1294 280 1354 item
299 1314 407 1375 parvos
431 1292 465 1351 δι
486 1292 601 1373 longos.
620 1289 792 1354 contrara-

26 1402 27 1405 ¹
111 1368 236 1433 birundis
265 1370 539 1453 rotundioribusque
557 1371 636 1442 laus,
657 1374 690 1434 &
710 1393 792 1454 grau·

26 1454 27 1467 ¹
111 1450 238 1515 dissimis.
270 1452 442 1515 Amaritudo
463 1449 554 1534 pletis
590 1471 607 1511 e
628 1453 659 1510 iu
682 1454 791 1513 vertice

26 1556 28 1597 ῑ
113 1529 159 1593 est.
181 1532 287 1595 Media
306 1554 409 1594 eorum
431 1532 536 1593 dulcia.
570 1531 793 1592 ulbosnonnal'-

113 1612 155 1683 ci,
172 1616 225 1675 uisi
237 1635 258 1675 e
270 1613 379 1674 semine
389 1657 402 1684 ,
411 1615 521 1694 priores
531 1613 719 1674 tradiderunt.
729 1610 794 1674 Sed

26 1716 28 1771 ς
112 1692 178 1754 &in
188 1694 370 1767 Praenestinis
384 1696 492 1790 campis
511 1691 612 1774 sponte
624 1692 792 1768 nascuntur,

26 1811 27 1838 n
113 1792 144 1835 ac
158 1777 215 1838 sine
233 1775 435 1838 modoetiam
450 1795 481 1835 m
502 1773 663 1836 Remorum
684 1778 771 1839 arvis.

26 1853 28 1860 '
147 1855 476 1919 XXXLtiHortensiis
500 1856 635 1917 omnibus
651 1854 712 1918 fere
733 1859 794 1917 sitr-

109 1935 179 2016 gulae
208 1938 342 2011 radices,
366 1954 398 1997 ut
420 1938 567 2020 raphano,
585 1938 682 2012 betae,
701 1938 793 2018 apio,

26 2021 28 2038 ⁵
115 2018 219 2081 malvae.
231 2019 422 2099 Amplissima
431 2036 526 2078 autem
536 2018 668 2099 lapatho,
684 2035 716 2078 ut
727 2039 793 2099 quae

26 2095 28 2150 ἑ
118 2097 265 2161 descendat
281 2100 318 2159 ad
338 2101 392 2159 tria
408 2099 513 2159 cubita.
543 2096 672 2162 Silvestri
697 2102 793 2158 minor

26 2175 27 2182 '
106 2178 145 2238 >dt
156 2181 293 2242 humida:
308 2171 407 2241 effolla
423 2199 540 2261 quoque
553 2180 602 2239 diu
617 2180 702 2241 vivit.
717 2177 795 2257 Qui·

26 2307 27 2310 ,
114 2256 229 2322 busdam
241 2277 338 2321 tamen
357 2260 513 2341 capillatae,
521 2276 557 2321 ut
570 2261 636 2342 apio
647 2305 658 2331 ,
669 2260 792 2319 malvae:

107 2341 279 2421 quibusdam
291 2340 459 2417 surculosa,
479 2359 512 2402 ut
523 2342 633 2403 ocimo.
646 2339 723 2401 Aliis
734 2357 796 2396 car·

115 2421 204 2496 nosae,
219 2440 251 2483 ut
266 2423 365 2495 betae,
388 2440 436 2483 aut
447 2423 539 2503 magis
558 2425 720 2481 etiamnum
727 2435 794 2477 cro·

109 2520 165 2566 so:
182 2504 323 2585 aliquibus
334 2522 371 2563 ex
381 2505 488 2564 cortice
499 2504 532 2563 δι
542 2518 627 2559 carne
637 2494 793 2575 corallum,

118 2597 145 2641 ut
167 2605 197 2644 ra
220 2586 325 2658 liano,
337 2586 438 2663 rapis:
459 2578 652 2661 quorumdam
676 2582 795 2660 genicu-

118 2659 171 2725 lata
185 2607 271 2739 dinc,
288 2681 322 2723 ut
337 2662 480 2745 graminis.
499 2658 578 2741 Quae
604 2658 709 2719 reliam
728 2681 789 2721 noo

116 2740 214 2806 habent
235 2745 385 2817 radicem,
405 2741 498 2804 statim
517 2742 645 2837 plurimis
672 2740 790 2803 nascun-

109 2838 156 2887 tur
174 2825 404 2911 capillamentis,
423 2839 455 2885 ut
474 2821 609 2906 atriplex,
628 2822 792 2891 &blitum

589 2900 683 2965 .Biv
766 2956 769 2962 .
875 2970 879 2975 ,
