1967 3600
240 251 311 330 354
366 230 402 301 C.
427 232 607 302 Prrurr
632 228 824 300 Nurum·

238 352 277 414 ad
294 352 421 412 tormina
438 368 506 411 cum
519 347 590 409 vino
603 347 720 409 bibitur.
731 346 843 410 Menses
851 347 905 410 sur·

240 453 292 494 cus
313 429 393 508 e‘us,
411 431 444 493 δι
460 431 572 491 urinam
589 430 753 511 cietpotu,
772 427 904 513 potuique

239 509 330 576 diffici
342 531 373 572 es
394 512 424 570 in
442 510 508 571 inni
524 509 686 590 adpositus.
709 526 728 551 ι’

281 590 433 654 Lxxxll.
455 588 624 652 Chamelaea
642 591 851 654 similitudinem
865 589 906 651 fo·

239 674 348 741 liorum
356 672 428 733 oleae
437 668 535 733 babet.
542 668 722 732 Suntautem
730 672 906 744 ammodo

241 771 316 824 rata,
333 755 362 813 in
383 755 525 833 petrosis,
548 751 679 833 palmum
698 752 840 814 altitudine
853 771 907 812 non
936 801 940 811 .

243 832 412 896 excedente.
434 833 547 896 Alvum
564 850 686 915 purgat:
700 834 904 913 detrahitpitui·

239 930 300 975 tarn
317 913 466 994 bilemque
487 935 497 974 ι
517 911 595 975 foliis
613 915 644 983 in
667 914 776 975 duabus
791 911 907 973 absinthii

241 992 370 1136 fartibus
389 993 534 1064 decotiis,
550 991 695 1075 succoque
714 1016 752 1057 eo
770 1014 829 1056 cum
841 990 908 1053 mel·

253 1094 270 1135 e
287 1092 372 1156 poto.
390 1073 480 1135 Foliis
493 1076 683 1154 impositis&
695 1076 908 1156 ulcenpurgan·

236 1171 301 1221 tur.
321 1155 435 1229 Aiunt,
454 1157 477 1215 si
497 1156 561 1237 quie
577 1172 644 1219 ante
658 1152 734 1216 Solis
753 1171 907 1217 ortumeam

244 1237 356 1317 capiat,
368 1237 503 1376 dicarque
521 1234 559 1297 ad
572 1236 720 1332 albugines
737 1235 876 1296 oculorum
883 1230 907 1293 se

248 1336 373 1398 capere,
388 1316 450 1377 adal
464 1317 538 1398 igati
551 1314 652 1376 discuti
670 1316 701 1377 id
716 1318 833 1377 vitium:
845 1333 908 1397 qno·

245 1418 306 1480 quo
317 1396 409 1457 modo
417 1399 491 1459 verb
503 1395 652 1458 collectam
661 1393 852 1475 jumentorum
867 1412 908 1476 po·

250 1496 352 1541 cotum
374 1497 411 1538 ue
427 1478 521 1538 oculis
541 1476 692 1539 salutarem
711 1476 778 1541 elle.

284 1556 366 1619 LXX
411 1554 448 1618 II.
469 1554 658 1637 Chame'esyce
679 1558 766 1618 lentis
786 1556 850 1619 folia
866 1553 909 1614 ht·

246 1636 320 1712 bet,
339 1637 410 1698 nihil
427 1636 457 1698 se
475 1636 652 1710 attollentia,
670 1639 700 1698 in
717 1638 801 1700 aridis
860 1653 909 1697 tto·

247 1715 620 1800 sisquenascens.Clariteti
633 1718 807 1792 oculorum,
854 1735 910 1778 con·

245 1816 290 1864 tra
304 1796 473 1861 suffusiones
484 1798 697 1872 utilissima,&
706 1803 860 1870 cicatrices,
870 1817 910 1857 α·

245 1879 268 1939 li
288 1882 366 1953 nes,
383 1880 540 1948 ntbmulas
555 1884 586 1939 in
604 1882 677 1948 vino
695 1881 793 1956 cotta,
807 1877 910 1941 hunde

277 1960 353 2018 ulvae
370 1960 486 2020 dolores
508 1959 589 2022 sedat
606 1961 739 2041 adposita
755 1964 786 2022 in
799 1957 911 2021 linteolo.

245 2031 339 2099 Tollit
361 2041 551 2115 &verrucas
578 2044 711 2102 omniurn
732 2057 864 2125 generum
882 2036 912 2099 il·

248 2118 311 2186 lita.
329 2117 451 2193 Prodest
468 2120 503 2183 &
518 2120 730 2200 orthopnoicis.

172 2205 184 2234 ⁸
288 2197 455 2262 LXXXIV.
474 2198 679 2263 Chamaeciss‘os
695 2202 713 2261 s
729 2204 802 2265 icata
813 2199 851 2263 est
869 2197 913 2259 tri·

249 2280 300 2341 tici
321 2279 432 2354 modo,
447 2281 564 2341 ramulis
586 2283 682 2362 quinis
704 2225 790 2356 fere,
811 2276 912 2344 foliosa:

247 2361 318 2421 cbm
336 2360 442 2433 floret,
458 2359 610 2422 existimari
630 2361 727 2443 potest
749 2364 813 2423 alba
830 2360 914 2430 riola,

250 2441 348 2502 radice
365 2443 464 2501 tenui:
478 2439 562 2522 cujus
580 2442 684 2504 bibunt
700 2441 841 2504 ischiadici
855 2437 914 2501 folia

247 2522 338 2584 tribus
358 2521 469 2596 obolis,
481 2524 511 2584 in
529 2525 591 2586 vini
600 2523 714 2605 cyathis
730 2518 914 2600 duobus,iep·

254 2618 317 2664 tem
334 2602 454 2678 diebus,
472 2604 633 2667 admodum
648 2604 746 2667 amari
815 2606 822 2620 '
843 2621 884 2662 ne

289 2681 444 2748 LXXXV.
459 2682 681 2757 Chamaeleucen
699 2622 857 2767 apum
870 2677 917 2739 far·

245 2757 357 2856 ferum,
366 2767 430 2831 sive
439 2762 594 2851 farfugium
607 2783 724 2835 vocent.
735 2764 861 2830 Nescitis
871 2757 910 2825 se·
