1967 3600
191 307 400 379 Hirrou.
420 231 621 381 linxxn.
672 332 736 407 231

71 427 150 489 uiubs
165 427 322 509 pedalem,
338 424 425 487 succo
446 427 614 488 madentem
626 448 740 504 amaro,

72 510 150 569 radice
167 507 244 568 fabae
266 507 378 580 simili,
397 507 551 589 aliquando
575 514 741 573 numerosi.

72 587 154 650 Habet
195 589 336 650 rorimam
360 603 444 648 terra
464 589 623 651 mastichen
641 591 745 652 ruber·

32 713 35 718 ·
73 670 126 731 culo
196 687 241 743 ω,
279 689 323 727 uae
339 668 470 749 adposita
480 668 654 731 feminarum
664 692 746 733 men·

28 763 30 770 ¹
73 747 106 810 ser
119 750 232 811 trabere
280 751 373 809 ‘eitun
403 748 482 810 Tusa
506 771 574 812 cum
595 753 743 813 radicibus

74 845 125 891 rora
140 830 277 891 dividitur
296 831 326 889 in
346 827 495 910 pastillos,
509 849 611 893 contra
628 831 748 915 serpen«

74 925 122 984 res,
139 926 309 994 argumento
325 910 489 989 probabili:
505 913 529 971 si
546 913 664 996 quidem
675 936 744 976 mu·

75 1010 111 1052 res
128 989 249 1132 agrestes
268 990 378 1088 laesiab
394 991 542 1133 hithp‘anc
559 992 617 1132 lelle
641 996 745 1137 cliqqna

76 1089 121 1131 ur.
176 1092 242 1132 crus
262 1091 299 1131 ex
315 1091 386 1132 vrno
411 1093 427 1131 c
541 1094 639 1134 avum
661 1098 684 1136 sr
710 1095 744 1139 u.

76 1094 175 1213 Eaderri1
199 1152 402 1233 palpebrarum
434 1119 521 1233 pilos,
536 1156 744 1217 inordinatissi-

75 1230 663 1376 lllul‘ls‘llllffliilsslllnll
679 1236 746 1376 ll

78 1394 128 1454 lem
144 1395 313 1455 carminibus
338 1393 393 1454 suis
414 1397 622 1477 pronuntiavit.
646 1395 748 1478 Aliqui

79 1473 195 1545 leminis,
215 1476 248 1537 &
270 1474 383 1547 oculis,
401 1478 637 1560 generationique
667 1479 747 1541 viro·

79 1571 132 1616 rum
145 1558 314 1617 contrariam
333 1572 484 1637 putavere.
748 1579 751 1584 ’

112 1635 211 1698 XLVI.
229 1635 309 1697 lnter
331 1656 366 1696 ea
388 1657 453 1718 quae
472 1655 584 1699 temere
601 1639 743 1700 mandun-

80 1731 132 1792 tur,
146 1718 176 1781 δι
192 1716 308 1778 boletos
329 1718 436 1778 merirb
457 1717 621 1805 posuerim,
640 1723 748 1804 oprimi

82 1799 183 1878 quidem
201 1799 257 1861 hos
276 1799 351 1872 cibi,
369 1797 419 1860 sed
447 1798 590 1862 immenso
607 1803 749 1884 exemplo

82 1879 105 1936 in
112 1882 211 1941 crimen
221 1879 376 1953 adduam,
392 1900 510 1942 veneno
523 1880 643 1945 Tiberio
657 1881 750 1945 Clau-¹

83 1959 122 2020 dio
135 1963 258 2043 principi·
271 1982 326 2042 per
343 1959 416 2022 hanc
437 1963 624 2024 occasionem
645 1968 669 2024 a²
679 1971 749 2026 coni

83 2035 137 2123 juge
153 2041 314 2125 Agrippina
340 2040 408 2102 dato
424 2064 435 2102 r
451 2063 511 2124 quo
531 2042 605 2106 fallo
622 2042 670 2105 illa
685 2064 748 2106 ter·
768 2078 772 2097 ι

83 2122 113 2179 ris
128 2132 270 2184 venenum
287 2123 431 2197 alterum,
452 2125 565 2207 sibique
591 2143 657 2185 anre
679 2146 748 2186 om-

83 2219 142 2277 ues,
158 2204 308 2266 Neronem
321 2201 403 2262 suum
422 2202 512 2266 dedit.
539 2203 751 2287 Quorumdam

83 2298 113 2339 er
129 2284 167 2345 bis
182 2284 265 2346 facile
287 2282 444 2346 noscuntur
451 2306 567 2349 uenena
573 2330 584 2360 ‚
598 2286 690 2348 diluto
699 2307 750 2346 ru·

82 2359 160 2439 bore,
176 2365 296 2426 rancido
314 2363 445 2446 asperim
464 2367 557 2429 livido
577 2370 652 2426 inms
665 2367 750 2427 colo-

83 2461 125 2517 re,
143 2446 247 2509 rimosi
267 2444 466 2528 stria,pallid0
486 2467 543 2527 per
561 2444 754 2505 ambitumla·

83 2521 135 2586 bro.
152 2527 221 2589 Non
238 2525 302 2587 sunt
324 2527 388 2589 haec
410 2528 442 2585 iu
464 2523 650 2607 quibusdam:
666 2527 751 2585 sicci·

83 2607 403 2753 pppaqaqiqixsrpruqiecq,
415 2605 754 2771 sireihtgieirilraimviiliaerin

85 2765 151 2825 min
172 2787 249 2831 terra
270 2768 311 2829 ob
329 2758 387 2829 lroc
412 2770 491 2850 prius
529 2769 636 2852 gignit,
654 2766 753 2852 ipsum

86 2843 171 2920 postea
184 2852 216 2916 iu
228 2848 320 2914 volvi
330 2893 346 2925 ‚,
361 2864 419 2912 ceu
434 2851 468 2913 iu
482 2870 545 2918 oro
565 2846 608 2916 est
628 2849 753 2914 luteum
