<?xml version="1.0" encoding="UTF-8"?>
<!DOCTYPE html PUBLIC "-//W3C//DTD XHTML 1.0 Transitional//EN"
    "http://www.w3.org/TR/xhtml1/DTD/xhtml1-transitional.dtd">
<html xmlns="http://www.w3.org/1999/xhtml" xml:lang="en" lang="en">
 <head>
  <title>
</title>
<meta http-equiv="Content-Type" content="text/html;charset=utf-8" />
  <meta name='ocr-system' content='tesseract 3.04.00' />
  <meta name='ocr-capabilities' content='ocr_page ocr_carea ocr_par ocr_line ocrx_word'/>
</head>
<body>
  <div class='ocr_page' id='page_1' title='image "./caiipliniisecun00unkngoog_0098.png"; bbox 0 0 1967 3600; ppageno 0'>
   <div class='ocr_carea' id='block_1_1' title="bbox 137 252 794 335">
    <p class='ocr_par' dir='ltr' id='par_1_1' title="bbox 137 252 794 335">
     <span class='ocr_line' id='line_1_1' title="bbox 137 252 794 335; baseline 0.012 -11"><span class='ocrx_word' id='word_1_1' title='bbox 137 318 142 324; x_wconf 85' lang='lat'><em>.</em></span> <span class='ocrx_word' id='word_1_2' title='bbox 208 254 258 335; x_wconf 85' lang='lat'><strong>86</strong></span> <span class='ocrx_word' id='word_1_3' title='bbox 312 252 794 332; x_wconf 67' lang='grc' dir='ltr'><strong>ᾶΡιὲΝιιΝΑτυιι.</strong></span> 
     </span>
    </p>
   </div>
   <div class='ocr_carea' id='block_1_2' title="bbox 199 374 912 716">
    <p class='ocr_par' dir='ltr' id='par_1_2' title="bbox 199 374 912 716">
     <span class='ocr_line' id='line_1_2' title="bbox 208 374 912 454; baseline -0.001 -11"><span class='ocrx_word' id='word_1_4' title='bbox 208 374 318 444; x_wconf 67' lang='lat' dir='ltr'><strong>fariui:</strong></span> <span class='ocrx_word' id='word_1_5' title='bbox 340 376 456 443; x_wconf 76' lang='lat' dir='ltr'><strong>succum</strong></span> <span class='ocrx_word' id='word_1_6' title='bbox 475 398 513 439; x_wconf 76' lang='lat' dir='ltr'><strong>ex</strong></span> <span class='ocrx_word' id='word_1_7' title='bbox 532 395 637 454; x_wconf 82' lang='lat' dir='ltr'><strong>aceto,</strong></span> <span class='ocrx_word' id='word_1_8' title='bbox 658 379 708 439; x_wconf 88' lang='lat' dir='ltr'><strong>vel</strong></span> <span class='ocrx_word' id='word_1_9' title='bbox 729 400 796 440; x_wconf 87' lang='lat' dir='ltr'><strong>cum</strong></span> <span class='ocrx_word' id='word_1_10' title='bbox 819 377 912 442; x_wconf 87' lang='lat' dir='ltr'><strong>feno</strong></span> 
     </span>
     <span class='ocr_line' id='line_1_3' title="bbox 209 460 911 559; baseline -0.003 -35"><span class='ocrx_word' id='word_1_11' title='bbox 209 461 327 559; x_wconf 69' lang='lat' dir='ltr'><strong>Graeeo.</strong></span> <span class='ocrx_word' id='word_1_12' title='bbox 348 461 394 523; x_wconf 88' lang='lat' dir='ltr'><strong>Sic</strong></span> <span class='ocrx_word' id='word_1_13' title='bbox 421 462 458 521; x_wconf 85' lang='lat' dir='ltr'><strong>ali</strong></span> <span class='ocrx_word' id='word_1_14' title='bbox 480 460 561 554; x_wconf 72' lang='lat' dir='ltr'><strong>ui&amp;</strong></span> <span class='ocrx_word' id='word_1_15' title='bbox 578 461 719 556; x_wconf 54' lang='lat' dir='ltr'><strong>alticulis,</strong></span> <span class='ocrx_word' id='word_1_16' title='bbox 742 460 911 558; x_wconf 57' lang='lat' dir='ltr'><strong>pouagris·</strong></span> 
     </span>
     <span class='ocr_line' id='line_1_4' title="bbox 199 539 912 716; baseline -0.001 -31"><span class='ocrx_word' id='word_1_17' title='bbox 199 558 448 702; x_wconf 58' lang='lat' dir='ltr'><strong>siml</strong></span> <span class='ocrx_word' id='word_1_18' title='bbox 470 539 912 716; x_wconf 46' lang='lat' dir='ltr'><strong>cugullsisulss</strong></span> 
     </span>
    </p>
   </div>
   <div class='ocr_carea' id='block_1_3' title="bbox 153 702 912 2887">
    <p class='ocr_par' dir='ltr' id='par_1_3' title="bbox 207 702 912 1109">
     <span class='ocr_line' id='line_1_5' title="bbox 209 702 912 785; baseline -0.003 -20"><span class='ocrx_word' id='word_1_19' title='bbox 209 703 287 765; x_wconf 87' lang='lat' dir='ltr'><strong>Item</strong></span> <span class='ocrx_word' id='word_1_20' title='bbox 302 704 466 785; x_wconf 88' lang='lat' dir='ltr'><strong>repentinas</strong></span> <span class='ocrx_word' id='word_1_21' title='bbox 479 702 534 761; x_wconf 76' lang='lat' dir='ltr'><strong>cali</strong></span> <span class='ocrx_word' id='word_1_22' title='bbox 553 722 633 764; x_wconf 82' lang='lat' dir='ltr'><strong>mes:</strong></span> <span class='ocrx_word' id='word_1_23' title='bbox 648 703 698 762; x_wconf 83' lang='lat' dir='ltr'><strong>has</strong></span> <span class='ocrx_word' id='word_1_24' title='bbox 718 702 750 762; x_wconf 76' lang='grc' dir='ltr'><strong>δι</strong></span> <span class='ocrx_word' id='word_1_25' title='bbox 767 704 791 762; x_wconf 89' lang='lat' dir='ltr'><strong>si</strong></span> <span class='ocrx_word' id='word_1_26' title='bbox 810 723 912 763; x_wconf 85' lang='lat' dir='ltr'><strong>man·</strong></span> 
     </span>
     <span class='ocr_line' id='line_1_6' title="bbox 209 721 909 864; baseline -0.001 -19"><span class='ocrx_word' id='word_1_27' title='bbox 209 785 286 845; x_wconf 84' lang='lat' dir='ltr'><strong>ditur</strong></span> <span class='ocrx_word' id='word_1_28' title='bbox 303 804 341 843; x_wconf 83' lang='lat' dir='ltr'><strong>ex</strong></span> <span class='ocrx_word' id='word_1_29' title='bbox 358 799 451 844; x_wconf 82' lang='lat' dir='ltr'><strong>aceto.</strong></span> <span class='ocrx_word' id='word_1_30' title='bbox 474 721 611 864; x_wconf 77' lang='lat' dir='ltr'><strong>Sugillata</strong></span> <span class='ocrx_word' id='word_1_31' title='bbox 626 784 701 844; x_wconf 73' lang='lat' dir='ltr'><strong>verb</strong></span> <span class='ocrx_word' id='word_1_32' title='bbox 719 783 753 843; x_wconf 74' lang='grc' dir='ltr'><strong>δι</strong></span> <span class='ocrx_word' id='word_1_33' title='bbox 775 781 853 844; x_wconf 82' lang='lat' dir='ltr'><strong>alios</strong></span> <span class='ocrx_word' id='word_1_34' title='bbox 867 784 909 845; x_wconf 89' lang='lat' dir='ltr'><strong>li·</strong></span> 
     </span>
     <span class='ocr_line' id='line_1_7' title="bbox 208 861 908 946; baseline 0.003 -22"><span class='ocrx_word' id='word_1_35' title='bbox 208 883 295 924; x_wconf 77' lang='lat' dir='ltr'><strong>votes</strong></span> <span class='ocrx_word' id='word_1_36' title='bbox 314 882 385 944; x_wconf 84' lang='lat' dir='ltr'><strong>pura</strong></span> <span class='ocrx_word' id='word_1_37' title='bbox 398 863 480 926; x_wconf 81' lang='lat' dir='ltr'><strong>illita.</strong></span> <span class='ocrx_word' id='word_1_38' title='bbox 496 862 625 946; x_wconf 62' lang='lat' dir='ltr'><strong>Lepas,</strong></span> <span class='ocrx_word' id='word_1_39' title='bbox 643 863 674 924; x_wconf 76' lang='grc' dir='ltr'><strong>δι</strong></span> <span class='ocrx_word' id='word_1_40' title='bbox 702 861 800 945; x_wconf 85' lang='lat' dir='ltr'>psoras</span> <span class='ocrx_word' id='word_1_41' title='bbox 824 885 908 926; x_wconf 87' lang='lat' dir='ltr'><strong>cum</strong></span> 
     </span>
     <span class='ocr_line' id='line_1_8' title="bbox 208 942 909 1007; baseline 0.003 -3"><span class='ocrx_word' id='word_1_42' title='bbox 208 943 334 1005; x_wconf 83' lang='lat' dir='ltr'><strong>alumine</strong></span> <span class='ocrx_word' id='word_1_43' title='bbox 351 944 479 1006; x_wconf 59' lang='lat' dir='ltr'><strong>seeundo</strong></span> <span class='ocrx_word' id='word_1_44' title='bbox 501 965 537 1005; x_wconf 83' lang='lat' dir='ltr'><strong>ex</strong></span> <span class='ocrx_word' id='word_1_45' title='bbox 555 961 648 1006; x_wconf 83' lang='lat' dir='ltr'><strong>aceto.</strong></span> <span class='ocrx_word' id='word_1_46' title='bbox 676 942 724 1004; x_wconf 88' lang='lat' dir='ltr'><strong>Sic</strong></span> <span class='ocrx_word' id='word_1_47' title='bbox 747 944 779 1005; x_wconf 76' lang='lat'><strong>81</strong></span> <span class='ocrx_word' id='word_1_48' title='bbox 799 944 909 1007; x_wconf 82' lang='lat' dir='ltr'><strong>fluen-</strong></span> 
     </span>
     <span class='ocr_line' id='line_1_9' title="bbox 207 1023 909 1109; baseline 0.004 -23"><span class='ocrx_word' id='word_1_49' title='bbox 207 1042 252 1086; x_wconf 85' lang='lat' dir='ltr'><strong>tes</strong></span> <span class='ocrx_word' id='word_1_50' title='bbox 267 1025 386 1105; x_wconf 80' lang='lat' dir='ltr'>capillos</span> <span class='ocrx_word' id='word_1_51' title='bbox 396 1029 511 1086; x_wconf 81' lang='lat' dir='ltr'><strong>retinet.</strong></span> <span class='ocrx_word' id='word_1_52' title='bbox 528 1024 714 1109; x_wconf 80' lang='lat' dir='ltr'>Epicharmus</span> <span class='ocrx_word' id='word_1_53' title='bbox 733 1023 853 1086; x_wconf 85' lang='lat' dir='ltr'><strong>testium</strong></span> <span class='ocrx_word' id='word_1_54' title='bbox 864 1028 909 1089; x_wconf 53' lang='lat'><strong>&amp;¹</strong></span> 
     </span>
    </p>

    <p class='ocr_par' dir='ltr' id='par_1_4' title="bbox 208 1106 907 1671">
     <span class='ocr_line' id='line_1_10' title="bbox 231 1106 907 1187; baseline 0.001 -21"><span class='ocrx_word' id='word_1_55' title='bbox 231 1107 378 1167; x_wconf 81' lang='lat' dir='ltr'><strong>euitulium</strong></span> <span class='ocrx_word' id='word_1_56' title='bbox 392 1107 472 1166; x_wconf 80' lang='lat' dir='ltr'><strong>malis</strong></span> <span class='ocrx_word' id='word_1_57' title='bbox 480 1107 553 1166; x_wconf 83' lang='lat' dir='ltr'>hanc</span> <span class='ocrx_word' id='word_1_58' title='bbox 563 1107 712 1166; x_wconf 72' lang='lat' dir='ltr'><strong>utilissime</strong></span> <span class='ocrx_word' id='word_1_59' title='bbox 722 1107 836 1187; x_wconf 87' lang='lat' dir='ltr'><strong>imponi</strong></span> <span class='ocrx_word' id='word_1_60' title='bbox 851 1106 907 1167; x_wconf 79' lang='lat' dir='ltr'><strong>as·</strong></span> 
     </span>
     <span class='ocr_line' id='line_1_11' title="bbox 208 1125 904 1250; baseline 0.006 -4"><span class='ocrx_word' id='word_1_61' title='bbox 208 1125 288 1248; x_wconf 70' lang='lat' dir='ltr'><strong>lesit.</strong></span> <span class='ocrx_word' id='word_1_62' title='bbox 306 1185 459 1248; x_wconf 74' lang='lat' dir='ltr'><strong>Efficaciiis</strong></span> <span class='ocrx_word' id='word_1_63' title='bbox 476 1187 610 1247; x_wconf 85' lang='lat' dir='ltr'><strong>eamdem</strong></span> <span class='ocrx_word' id='word_1_64' title='bbox 633 1207 701 1247; x_wconf 86' lang='lat' dir='ltr'><strong>cum</strong></span> <span class='ocrx_word' id='word_1_65' title='bbox 725 1186 792 1247; x_wconf 70' lang='lat' dir='ltr'><strong>fahs</strong></span> <span class='ocrx_word' id='word_1_66' title='bbox 811 1189 904 1250; x_wconf 58' lang='lat' dir='ltr'><strong>triti.</strong></span> 
     </span>
     <span class='ocr_line' id='line_1_12' title="bbox 209 1266 904 1329; baseline 0.004 -2"><span class='ocrx_word' id='word_1_67' title='bbox 209 1266 285 1328; x_wconf 87' lang='lat' dir='ltr'>Item</span> <span class='ocrx_word' id='word_1_68' title='bbox 305 1268 451 1329; x_wconf 86' lang='lat' dir='ltr'><strong>convulsis</strong></span> <span class='ocrx_word' id='word_1_69' title='bbox 468 1288 535 1328; x_wconf 86' lang='lat' dir='ltr'><strong>cum</strong></span> <span class='ocrx_word' id='word_1_70' title='bbox 546 1269 617 1328; x_wconf 59' lang='lat' dir='ltr'><strong>ruti„</strong></span> <span class='ocrx_word' id='word_1_71' title='bbox 635 1266 746 1328; x_wconf 85' lang='lat' dir='ltr'>Contra</span> <span class='ocrx_word' id='word_1_72' title='bbox 754 1267 904 1329; x_wconf 82' lang='lat' dir='ltr'><strong>ardorem</strong></span> 
     </span>
     <span class='ocr_line' id='line_1_13' title="bbox 209 1347 904 1411; baseline 0.003 -3"><span class='ocrx_word' id='word_1_73' title='bbox 209 1347 334 1410; x_wconf 84' lang='lat' dir='ltr'><strong>febrium</strong></span> <span class='ocrx_word' id='word_1_74' title='bbox 356 1351 389 1411; x_wconf 89' lang='lat'>&amp;</span> <span class='ocrx_word' id='word_1_75' title='bbox 412 1347 552 1409; x_wconf 86' lang='lat' dir='ltr'><strong>stomachi</strong></span> <span class='ocrx_word' id='word_1_76' title='bbox 577 1351 649 1410; x_wconf 79' lang='lat' dir='ltr'><strong>vitia</strong></span> <span class='ocrx_word' id='word_1_77' title='bbox 667 1369 733 1407; x_wconf 88' lang='lat' dir='ltr'><strong>cum</strong></span> <span class='ocrx_word' id='word_1_78' title='bbox 754 1364 826 1409; x_wconf 82' lang='lat' dir='ltr'><strong>rutae</strong></span> <span class='ocrx_word' id='word_1_79' title='bbox 849 1348 904 1410; x_wconf 90' lang='lat' dir='ltr'><strong>se·</strong></span> 
     </span>
     <span class='ocr_line' id='line_1_14' title="bbox 209 1429 901 1491; baseline 0.001 -1"><span class='ocrx_word' id='word_1_80' title='bbox 209 1432 308 1491; x_wconf 82' lang='lat' dir='ltr'><strong>mine:</strong></span> <span class='ocrx_word' id='word_1_81' title='bbox 327 1431 366 1490; x_wconf 89' lang='lat'><strong>&amp;·</strong></span> <span class='ocrx_word' id='word_1_82' title='bbox 380 1429 416 1489; x_wconf 83' lang='lat' dir='ltr'><strong>ad</strong></span> <span class='ocrx_word' id='word_1_83' title='bbox 441 1429 587 1490; x_wconf 82' lang='lat' dir='ltr'><strong>secundas.</strong></span> <span class='ocrx_word' id='word_1_84' title='bbox 617 1429 655 1490; x_wconf 86' lang='lat' dir='ltr'><strong>Et</strong></span> <span class='ocrx_word' id='word_1_85' title='bbox 677 1431 764 1488; x_wconf 86' lang='lat' dir='ltr'><strong>muris</strong></span> <span class='ocrx_word' id='word_1_86' title='bbox 792 1432 901 1491; x_wconf 84' lang='lat' dir='ltr'><strong>aranei</strong></span> 
     </span>
     <span class='ocr_line' id='line_1_15' title="bbox 209 1508 903 1587; baseline 0 -15"><span class='ocrx_word' id='word_1_87' title='bbox 209 1510 338 1585; x_wconf 84' lang='lat' dir='ltr'><strong>morsus,</strong></span> <span class='ocrx_word' id='word_1_88' title='bbox 355 1509 495 1587; x_wconf 85' lang='lat' dir='ltr'><strong>foliorum</strong></span> <span class='ocrx_word' id='word_1_89' title='bbox 512 1510 660 1571; x_wconf 80' lang='lat' dir='ltr'><strong>aridorum</strong></span> <span class='ocrx_word' id='word_1_90' title='bbox 676 1508 765 1570; x_wconf 79' lang='lat' dir='ltr'><strong>farina</strong></span> <span class='ocrx_word' id='word_1_91' title='bbox 781 1511 903 1572; x_wconf 83' lang='lat' dir='ltr'><strong>alteru·</strong></span> 
     </span>
     <span class='ocr_line' id='line_1_16' title="bbox 209 1591 619 1671; baseline -0.002 -19"><span class='ocrx_word' id='word_1_92' title='bbox 209 1592 255 1652; x_wconf 71' lang='lat' dir='ltr'><strong>tri</strong></span> <span class='ocrx_word' id='word_1_93' title='bbox 274 1608 354 1671; x_wconf 83' lang='lat' dir='ltr'><strong>parte</strong></span> <span class='ocrx_word' id='word_1_94' title='bbox 372 1591 508 1651; x_wconf 85' lang='lat' dir='ltr'>exinanit.</span> <span class='ocrx_word' id='word_1_95' title='bbox 614 1606 619 1615; x_wconf 76' lang='grc'><em>“</em></span> 
     </span>
    </p>

    <p class='ocr_par' dir='ltr' id='par_1_5' title="bbox 153 1670 907 2887">
     <span class='ocr_line' id='line_1_17' title="bbox 251 1670 907 1754; baseline 0.006 -23"><span class='ocrx_word' id='word_1_96' title='bbox 251 1671 378 1731; x_wconf 87' lang='lat' dir='ltr'><strong>XXXV.</strong></span> <span class='ocrx_word' id='word_1_97' title='bbox 397 1671 441 1730; x_wconf 88' lang='lat' dir='ltr'><strong>Ex</strong></span> <span class='ocrx_word' id='word_1_98' title='bbox 451 1672 584 1732; x_wconf 82' lang='lat' dir='ltr'><strong>omnibus</strong></span> <span class='ocrx_word' id='word_1_99' title='bbox 593 1670 726 1732; x_wconf 82' lang='lat' dir='ltr'><strong>brassicae</strong></span> <span class='ocrx_word' id='word_1_100' title='bbox 737 1673 907 1754; x_wconf 85' lang='lat' dir='ltr'><strong>generibus</strong></span> 
     </span>
     <span class='ocr_line' id='line_1_18' title="bbox 209 1749 899 1834; baseline 0.006 -22"><span class='ocrx_word' id='word_1_101' title='bbox 209 1750 375 1814; x_wconf 82' lang='lat' dir='ltr'><strong>suavissima</strong></span> <span class='ocrx_word' id='word_1_102' title='bbox 395 1749 437 1815; x_wconf 85' lang='lat' dir='ltr'><strong>est</strong></span> <span class='ocrx_word' id='word_1_103' title='bbox 459 1771 560 1834; x_wconf 88' lang='lat' dir='ltr'>cyma,</span> <span class='ocrx_word' id='word_1_104' title='bbox 572 1755 626 1814; x_wconf 90' lang='lat' dir='ltr'><strong>etsi</strong></span> <span class='ocrx_word' id='word_1_105' title='bbox 638 1749 744 1816; x_wconf 88' lang='lat' dir='ltr'><strong>inutilis</strong></span> <span class='ocrx_word' id='word_1_106' title='bbox 752 1752 899 1828; x_wconf 74' lang='lat' dir='ltr'><strong>hahetur,</strong></span> 
     </span>
     <span class='ocr_line' id='line_1_19' title="bbox 162 1831 900 1915; baseline 0.003 -22"><span class='ocrx_word' id='word_1_107' title='bbox 162 1831 168 1842; x_wconf 94' lang='grc'><strong>’</strong></span> <span class='ocrx_word' id='word_1_108' title='bbox 210 1831 336 1895; x_wconf 86' lang='lat' dir='ltr'><strong>difficilis</strong></span> <span class='ocrx_word' id='word_1_109' title='bbox 352 1837 383 1894; x_wconf 88' lang='lat' dir='ltr'><strong>in</strong></span> <span class='ocrx_word' id='word_1_110' title='bbox 400 1834 578 1915; x_wconf 86' lang='lat' dir='ltr'><strong>coquendo,</strong></span> <span class='ocrx_word' id='word_1_111' title='bbox 597 1834 760 1895; x_wconf 83' lang='lat' dir='ltr'><strong>&amp;renibus</strong></span> <span class='ocrx_word' id='word_1_112' title='bbox 779 1853 900 1896; x_wconf 80' lang='lat' dir='ltr'><strong>contra·</strong></span> 
     </span>
     <span class='ocr_line' id='line_1_20' title="bbox 204 1913 898 1995; baseline 0.004 -22"><span class='ocrx_word' id='word_1_113' title='bbox 204 1916 263 1973; x_wconf 71' lang='lat' dir='ltr'><strong>ria.</strong></span> <span class='ocrx_word' id='word_1_114' title='bbox 287 1913 363 1975; x_wconf 88' lang='lat' dir='ltr'><strong>Illud</strong></span> <span class='ocrx_word' id='word_1_115' title='bbox 391 1934 509 1995; x_wconf 88' lang='lat' dir='ltr'><strong>quoque</strong></span> <span class='ocrx_word' id='word_1_116' title='bbox 527 1935 587 1973; x_wconf 85' lang='lat' dir='ltr'><strong>nou</strong></span> <span class='ocrx_word' id='word_1_117' title='bbox 607 1913 648 1975; x_wconf 85' lang='lat' dir='ltr'><strong>est</strong></span> <span class='ocrx_word' id='word_1_118' title='bbox 675 1915 898 1992; x_wconf 82' lang='lat' dir='ltr'><strong>omittendum,</strong></span> 
     </span>
     <span class='ocr_line' id='line_1_21' title="bbox 209 1992 899 2076; baseline 0.009 -24"><span class='ocrx_word' id='word_1_119' title='bbox 209 2002 315 2076; x_wconf 74' lang='lat' dir='ltr'><strong>aquam</strong></span> <span class='ocrx_word' id='word_1_120' title='bbox 328 1992 453 2055; x_wconf 66' lang='lat' dir='ltr'><strong>decollae</strong></span> <span class='ocrx_word' id='word_1_121' title='bbox 464 1994 517 2063; x_wconf 83' lang='lat' dir='ltr'><strong>‚ad</strong></span> <span class='ocrx_word' id='word_1_122' title='bbox 529 2011 575 2055; x_wconf 84' lang='lat' dir='ltr'><strong>tot</strong></span> <span class='ocrx_word' id='word_1_123' title='bbox 588 1994 653 2055; x_wconf 84' lang='lat' dir='ltr'><strong>usus</strong></span> <span class='ocrx_word' id='word_1_124' title='bbox 662 1996 822 2070; x_wconf 79' lang='lat' dir='ltr'><strong>laudatam,</strong></span> <span class='ocrx_word' id='word_1_125' title='bbox 834 1996 899 2058; x_wconf 82' lang='lat' dir='ltr'><strong>foe·</strong></span> 
     </span>
     <span class='ocr_line' id='line_1_22' title="bbox 209 2072 899 2155; baseline 0.01 -23"><span class='ocrx_word' id='word_1_126' title='bbox 209 2089 271 2134; x_wconf 85' lang='lat' dir='ltr'><strong>tere</strong></span> <span class='ocrx_word' id='word_1_127' title='bbox 288 2075 367 2134; x_wconf 89' lang='lat' dir='ltr'><strong>humi</strong></span> <span class='ocrx_word' id='word_1_128' title='bbox 387 2072 515 2135; x_wconf 85' lang='lat' dir='ltr'><strong>effusam.</strong></span> <span class='ocrx_word' id='word_1_129' title='bbox 532 2073 669 2155; x_wconf 81' lang='lat' dir='ltr'><strong>Stirpium</strong></span> <span class='ocrx_word' id='word_1_130' title='bbox 685 2077 819 2137; x_wconf 68' lang='lat' dir='ltr'><strong>brassica</strong></span> <span class='ocrx_word' id='word_1_131' title='bbox 838 2081 899 2139; x_wconf 83' lang='lat' dir='ltr'><strong>ari·</strong></span> 
     </span>
     <span class='ocr_line' id='line_1_23' title="bbox 208 2153 895 2241; baseline 0.01 -28"><span class='ocrx_word' id='word_1_132' title='bbox 208 2153 416 2228; x_wconf 72' lang='lat' dir='ltr'><strong>(lamminis,</strong></span> <span class='ocrx_word' id='word_1_133' title='bbox 434 2157 511 2217; x_wconf 86' lang='lat' dir='ltr'><strong>inter</strong></span> <span class='ocrx_word' id='word_1_134' title='bbox 519 2155 640 2217; x_wconf 85' lang='lat' dir='ltr'><strong>caustica</strong></span> <span class='ocrx_word' id='word_1_135' title='bbox 649 2158 826 2241; x_wconf 81' lang='lat' dir='ltr'><strong>intelligitur.</strong></span> <span class='ocrx_word' id='word_1_136' title='bbox 839 2158 895 2220; x_wconf 89' lang='lat' dir='ltr'><strong>Ad</strong></span> 
     </span>
     <span class='ocr_line' id='line_1_24' title="bbox 209 2237 901 2320; baseline 0.007 -24"><span class='ocrx_word' id='word_1_137' title='bbox 209 2237 404 2297; x_wconf 82' lang='lat' dir='ltr'><strong>coxendicum</strong></span> <span class='ocrx_word' id='word_1_138' title='bbox 428 2237 547 2299; x_wconf 86' lang='lat' dir='ltr'><strong>dolores</strong></span> <span class='ocrx_word' id='word_1_139' title='bbox 569 2257 636 2299; x_wconf 86' lang='lat' dir='ltr'><strong>cum</strong></span> <span class='ocrx_word' id='word_1_140' title='bbox 660 2240 746 2320; x_wconf 84' lang='lat' dir='ltr'><strong>adipe</strong></span> <span class='ocrx_word' id='word_1_141' title='bbox 764 2238 901 2302; x_wconf 62' lang='lat' dir='ltr'><strong>vetusto:</strong></span> 
     </span>
     <span class='ocr_line' id='line_1_25' title="bbox 209 2315 900 2402; baseline 0.006 -24"><span class='ocrx_word' id='word_1_142' title='bbox 209 2315 253 2378; x_wconf 83' lang='lat' dir='ltr'><strong>At</strong></span> <span class='ocrx_word' id='word_1_143' title='bbox 273 2337 342 2377; x_wconf 88' lang='lat' dir='ltr'><strong>cum</strong></span> <span class='ocrx_word' id='word_1_144' title='bbox 360 2315 449 2377; x_wconf 84' lang='lat' dir='ltr'><strong>lasere</strong></span> <span class='ocrx_word' id='word_1_145' title='bbox 470 2320 605 2380; x_wconf 77' lang='lat' dir='ltr'><strong>&amp;aceto</strong></span> <span class='ocrx_word' id='word_1_146' title='bbox 629 2321 659 2378; x_wconf 85' lang='lat' dir='ltr'><strong>in</strong></span> <span class='ocrx_word' id='word_1_147' title='bbox 674 2322 770 2381; x_wconf 80' lang='lat' dir='ltr'><strong>vicem</strong></span> <span class='ocrx_word' id='word_1_148' title='bbox 797 2322 900 2402; x_wconf 83' lang='lat' dir='ltr'><strong>psilo-</strong></span> 
     </span>
     <span class='ocr_line' id='line_1_26' title="bbox 210 2398 896 2482; baseline 0.006 -24"><span class='ocrx_word' id='word_1_149' title='bbox 210 2398 267 2458; x_wconf 81' lang='lat' dir='ltr'><strong>thri</strong></span> <span class='ocrx_word' id='word_1_150' title='bbox 288 2398 395 2458; x_wconf 88' lang='lat' dir='ltr'><strong>evulsis</strong></span> <span class='ocrx_word' id='word_1_151' title='bbox 414 2399 499 2460; x_wconf 83' lang='lat' dir='ltr'><strong>illitus</strong></span> <span class='ocrx_word' id='word_1_152' title='bbox 518 2400 602 2481; x_wconf 85' lang='lat' dir='ltr'><strong>pilis,</strong></span> <span class='ocrx_word' id='word_1_153' title='bbox 614 2398 688 2460; x_wconf 85' lang='lat' dir='ltr'>nasci</span> <span class='ocrx_word' id='word_1_154' title='bbox 704 2402 777 2461; x_wconf 81' lang='lat' dir='ltr'><strong>alios</strong></span> <span class='ocrx_word' id='word_1_155' title='bbox 794 2403 896 2482; x_wconf 87' lang='lat' dir='ltr'><strong>prohi-</strong></span> 
     </span>
     <span class='ocr_line' id='line_1_27' title="bbox 209 2478 895 2556; baseline 0.004 -17"><span class='ocrx_word' id='word_1_156' title='bbox 209 2478 269 2540; x_wconf 83' lang='lat' dir='ltr'><strong>bet.</strong></span> <span class='ocrx_word' id='word_1_157' title='bbox 288 2480 401 2541; x_wconf 88' lang='lat' dir='ltr'><strong>Bibitur</strong></span> <span class='ocrx_word' id='word_1_158' title='bbox 420 2482 453 2542; x_wconf 87' lang='lat'>&amp;</span> <span class='ocrx_word' id='word_1_159' title='bbox 469 2501 536 2541; x_wconf 88' lang='lat' dir='ltr'><strong>cum</strong></span> <span class='ocrx_word' id='word_1_160' title='bbox 556 2482 626 2543; x_wconf 90' lang='lat' dir='ltr'><strong>oleo</strong></span> <span class='ocrx_word' id='word_1_161' title='bbox 646 2479 895 2556; x_wconf 69' lang='lat' dir='ltr'><strong>subfervefaaus,</strong></span> 
     </span>
     <span class='ocr_line' id='line_1_28' title="bbox 153 2558 894 2644; baseline 0.005 -25"><span class='ocrx_word' id='word_1_162' title='bbox 153 2579 163 2600; x_wconf 70' lang='lat' dir='ltr'><em>s</em></span> <span class='ocrx_word' id='word_1_163' title='bbox 210 2558 261 2619; x_wconf 75' lang='lat' dir='ltr'><strong>vel</strong></span> <span class='ocrx_word' id='word_1_164' title='bbox 274 2559 367 2641; x_wconf 84' lang='lat' dir='ltr'><strong>perse</strong></span> <span class='ocrx_word' id='word_1_165' title='bbox 386 2561 495 2636; x_wconf 83' lang='lat' dir='ltr'><strong>elixus,</strong></span> <span class='ocrx_word' id='word_1_166' title='bbox 508 2561 544 2622; x_wconf 84' lang='lat' dir='ltr'><strong>ad</strong></span> <span class='ocrx_word' id='word_1_167' title='bbox 556 2560 693 2623; x_wconf 80' lang='lat' dir='ltr'><strong>convulsa</strong></span> <span class='ocrx_word' id='word_1_168' title='bbox 710 2564 742 2624; x_wconf 91' lang='lat'><strong>&amp;</strong></span> <span class='ocrx_word' id='word_1_169' title='bbox 756 2580 840 2644; x_wconf 82' lang='lat' dir='ltr'><strong>rupta</strong></span> <span class='ocrx_word' id='word_1_170' title='bbox 847 2565 894 2623; x_wconf 87' lang='lat' dir='ltr'><strong>in·</strong></span> 
     </span>
     <span class='ocr_line' id='line_1_29' title="bbox 209 2640 893 2724; baseline 0.01 -26"><span class='ocrx_word' id='word_1_171' title='bbox 209 2655 275 2711; x_wconf 79' lang='lat' dir='ltr'><strong>tus,</strong></span> <span class='ocrx_word' id='word_1_172' title='bbox 290 2640 457 2723; x_wconf 82' lang='lat' dir='ltr'><strong>lapsumque</strong></span> <span class='ocrx_word' id='word_1_173' title='bbox 478 2664 515 2704; x_wconf 84' lang='lat' dir='ltr'><strong>ex</strong></span> <span class='ocrx_word' id='word_1_174' title='bbox 532 2644 599 2703; x_wconf 83' lang='lat' dir='ltr'><strong>alto.</strong></span> <span class='ocrx_word' id='word_1_175' title='bbox 621 2643 710 2704; x_wconf 79' lang='lat' dir='ltr'><strong>Nulla</strong></span> <span class='ocrx_word' id='word_1_176' title='bbox 738 2662 809 2724; x_wconf 82' lang='lat' dir='ltr'><strong>ergo</strong></span> <span class='ocrx_word' id='word_1_177' title='bbox 825 2642 893 2705; x_wconf 82' lang='lat' dir='ltr'><strong>sunt</strong></span> 
     </span>
     <span class='ocr_line' id='line_1_30' title="bbox 209 2719 894 2807; baseline 0.009 -30"><span class='ocrx_word' id='word_1_178' title='bbox 209 2719 330 2779; x_wconf 75' lang='lat' dir='ltr'><strong>crimina</strong></span> <span class='ocrx_word' id='word_1_179' title='bbox 354 2722 504 2782; x_wconf 76' lang='lat' dir='ltr'><strong>brassicae?</strong></span> <span class='ocrx_word' id='word_1_180' title='bbox 524 2723 615 2782; x_wconf 87' lang='lat' dir='ltr'><strong>immo</strong></span> <span class='ocrx_word' id='word_1_181' title='bbox 636 2725 710 2783; x_wconf 73' lang='lat' dir='ltr'><strong>veri&gt;</strong></span> <span class='ocrx_word' id='word_1_182' title='bbox 731 2723 808 2807; x_wconf 81' lang='lat' dir='ltr'><strong>apud</strong></span> <span class='ocrx_word' id='word_1_183' title='bbox 825 2723 894 2785; x_wconf 88' lang='lat' dir='ltr'><strong>eos·</strong></span> 
     </span>
     <span class='ocr_line' id='line_1_31' title="bbox 209 2797 891 2887; baseline 0.01 -28"><span class='ocrx_word' id='word_1_184' title='bbox 209 2797 279 2859; x_wconf 82' lang='lat' dir='ltr'><strong>dem</strong></span> <span class='ocrx_word' id='word_1_185' title='bbox 298 2803 399 2866; x_wconf 77' lang='lat' dir='ltr'><strong>animae</strong></span> <span class='ocrx_word' id='word_1_186' title='bbox 423 2803 594 2887; x_wconf 82' lang='lat' dir='ltr'><strong>gravitatem</strong></span> <span class='ocrx_word' id='word_1_187' title='bbox 617 2799 732 2879; x_wconf 78' lang='lat' dir='ltr'><strong>fucere,</strong></span> <span class='ocrx_word' id='word_1_188' title='bbox 754 2804 891 2866; x_wconf 83' lang='lat' dir='ltr'><strong>dentibus</strong></span> 
     </span>
    </p>
   </div>
   <div class='ocr_carea' id='block_1_4' title="bbox 0 0 988 3600">
    <p class='ocr_par' dir='ltr' id='par_1_6' title="bbox 0 0 988 3600">
     <span class='ocr_line' id='line_1_32' title="bbox 0 0 988 3600; baseline 0 0"><span class='ocrx_word' id='word_1_189' title='bbox 0 0 988 3600; x_wconf 95' lang='lat' dir='ltr'><strong> </strong></span> 
     </span>
    </p>
   </div>
  </div>
 </body>
</html>
