1967 3600
249 224 318 324 356
364 225 405 295 ·C.
430 227 614 297 Ptrurt
639 207 834 298 Narra.

247 344 381 406 tudinem
410 344 511 425 capitis
531 341 721 422 pesulanum,
736 338 879 422 jacentem
894 341 924 402 in

246 427 345 485 arvis:
367 420 464 484 Greci
491 422 699 483 clematidemt
720 425 831 517 egregii
859 419 923 484 effe·

245 504 312 564 &ils
334 503 371 564 ad
394 502 546 563 sistendam
565 503 665 562 alvum
678 503 709 561 in
723 519 798 565 vino
809 501 922 564 austero.

247 582 324 646 Item
343 583 504 665 sanguinem
524 579 595 642 sistit
615 583 698 642 tritus
718 604 786 644 cum
805 602 922 665 oxyme-

247 664 308 725 litis
325 680 373 724 aut
392 683 472 744 aquae
491 663 591 722 calidae
602 662 716 743 cyathis
725 664 924 803 quingue‚de·

248 745 319 804 narii
346 745 429 803 unius
476 743 586 804 oudere
599 764 609 803 t
622 744 668 803 sie
686 744 720 806 δι
739 744 777 804 ad
808 743 922 804 ecundat

248 824 402 886 mulierum
488 843 532 882 ax.
790 859 793 865 ·

287 899 453 963 LXXXIX.
463 901 522 962 Sed
532 899 630 963 Graeci
640 902 920 965 clematidastralias

247 981 355 1042 habent
371 1005 379 1042 ε
398 1002 503 1056 unam,
520 1003 607 1061 quam
631 982 667 1043 ali
709 986 724 1042 i·
737 985 847 1045 echiten
866 1003 919 1043 vo·

246 1079 333 1134 rant,
351 1063 397 1122 alii
410 1063 557 1144 legimur,
568 1004 920 1125 nonnullrenuemscam·

247 1146 377 1204 moniam
394 1165 402 1203 ι
420 1159 517 1203 ramos
542 1142 630 1203 habet
650 1144 819 1224 bipedales,
839 1141 918 1203 folio·

247 1221 313 1296 sos,
329 1243 390 1284 nou
402 1222 554 1283 dissimiles
570 1221 769 1299 scammoniae,
780 1226 833 1284 nisi
848 1220 917 1304 quod

248 1305 376 1386 nigriora
401 1304 571 1384 minoraque
588 1301 652 1363 sunt
670 1302 752 1366 lolia.
784 1304 917 1366 invenitur

249 1384 280 1445 in
302 1386 395 1447 vineit
422 1381 564 1465 arvisque.
585 1382 689 1455 Estur,
707 1402 739 1444 ut
756 1385 840 1456 olus,
860 1401 916 1442 cum

249 1464 321 1525 oleo
342 1485 375 1525 ac
392 1462 466 1524 sale:
485 1465 583 1524 alvum
594 1466 660 1523 ciet.
673 1464 783 1524 Eadem
794 1487 811 1526 a
824 1463 916 1544 dysen-

249 1545 349 1605 tericis
367 1563 433 1604 cum
456 1544 508 1602 lini
531 1542 638 1604 semine
659 1564 695 1604 ex
718 1548 790 1605 vino
818 1542 914 1604 austero

249 1622 390 1685 sorbetur.
405 1621 487 1683 Folia
506 1622 654 1705 epiphoris
662 1626 848 1705 imponuntur
859 1641 916 1704 cum

248 1704 389 1800 polensi,
407 1701 560 1785 subposito
574 1704 635 1800 udo
653 1702 786 1767 linteolo.
804 1703 915 1765 Strumae

248 1783 915 1949 teli:“sstlilll‘e‘i'lilnfflf‘li

248 1941 474 2005 haemorrhoidas
495 1965 563 2006 eum
588 1946 658 2008 oleo
684 1947 787 2020 viridi,
808 1944 915 2028 phthisi·

246 2042 299 2085 tos
308 2022 409 2102 juvant
419 2044 487 2084 curn
501 2026 600 2087 melle.
611 2025 700 2086 Leuis
713 2047 830 2109 quoque
845 2025 915 2084 uber·

241 2118 338 2163 'tatem
358 2103 466 2164 faciunt
482 2106 513 2164 in
533 2105 606 2168 cibis
624 2104 685 2167 sum
706 2123 745 2169 ta.
763 2106 800 2167 Et
816 2103 914 2166 infauti-

248 2183 303 2245 bus
322 2183 393 2244 illita
415 2185 553 2268 capillum
572 2186 661 2249 alunt.
744 2203 827 2248 aceto
843 2185 916 2246 eder·

250 2265 324 2324 tium
342 2262 490 2325 Venerem
509 2264 663 2327 stimulant.

289 2341 358 2406 XC.
369 2340 418 2404 Est
434 2344 469 2406 dt
481 2344 537 2404 alia
557 2345 705 2419 clematis,
723 2345 859 2430 AEgypria
875 2362 915 2402 ro

247 2425 403 2507 gnomine,
418 2425 528 2505 quarab
537 2425 599 2486 aliis
614 2426 796 2566 daphnoides
805 2473 814 2502 ‚
823 2422 914 2488 abillis

246 2504 465 2588 polygonoides
484 2521 630 2568 vocatur:
658 2508 720 2567 olio
734 2507 823 2583 lauri,
842 2505 913 2583 longa

248 2584 418 2723 renuispue:
433 2585 572 2647 adversus
596 2586 762 2668 serpentes,
777 2609 810 2649 ac
831 2587 914 2667 prire-

250 2665 340 2726 tima
371 2664 449 2739 idas,
469 2687 506 2726 ex
528 2682 613 2726 aceto
653 2684 702 2728 ota
718 2666 828 2730 efficax.

243 2772 249 2781 “
289 2686 371 2809 XCl
394 2744 441 2810 1⁶.
461 2688 701 2831 AEgyptusdanc
731 2742 913 2826 ruatxirnlgl⁴
