1967 3600
194 299 404 374 Hieron.
427 300 502 375 Lib.
520 301 635 376 xxu.
680 324 754 400 219

124 415 255 483 XXVIII.
276 418 376 484 Est&
397 421 571 496 lotometra,
593 444 657 564 Ἦιε
669 421 704 484 fit
719 445 756 485 ex

91 497 144 562 loro
158 502 227 575 sard,
241 523 277 564 ex
294 500 377 582 cujus
395 500 504 565 semine
523 504 599 563 simil
614 506 673 565 'mo
691 524 759 585 por·

91 585 122 656 nl,
135 581 200 643 fiunt
218 604 307 665 panca
327 585 357 643 iu
377 579 415 643 Ε
457 600 511 665 pto
531 604 549 645 a
569 583 756 666 palloribus,

92 665 200 724 maxime
217 663 292 759 aqud
309 663 408 726 vella
435 684 451 725 e
473 663 598 726 subadlo.
624 663 758 746 Negatur

91 744 232 827 quidquam
246 742 296 804 ullo
319 763 393 826 pane
413 743 550 808 salubrius
565 739 638 819 ess'e,
654 762 704 807 aut
714 745 760 807 le·

94 827 162 899 rius,
183 825 253 885 dnm
271 823 383 885 caleat:
400 822 584 907 refrigeratus
611 824 760 888 difficilidrc

91 908 288 988 concoquitur,
305 902 396 986 fitque
417 904 605 987 ponderosus.
631 904 757 968 Constat

91 1003 135 1045 eos
155 989 202 1067 qui
218 986 272 1047 illo
291 987 413 1059 vitant,
425 1007 479 1047 nec
498 986 686 1068 dysenteriai,
702 1004 759 1048 nec

93 1065 225 1140 tenesmo,
238 1086 334 1148 neque
346 1067 407 1126 aliia
428 1068 538 1128 morbis
555 1071 664 1127 ventris
681 1066 763 1129 infe·

92 1143 200 1210 llarilta
221 1167 259 1208 ue
272 1150 345 1208 inter
366 1147 497 1210 remedia
512 1165 617 1208 eorum
630 1148 761 1211 habetur.

126 1226 177 1289 xx
222 1271 231 1290 .
258 1225 394 1288 Heliotro
415 1223 436 1288 ii
461 1227 633 1288 miraculum
660 1226 761 1309 saepius

94 1305 222 1383 diximus,
232 1329 300 1370 cunr
307 1306 378 1369 Sole
391 1249 665 1389 lecircumagentia,
675 1310 763 1370 eriam

95 1389 180 1450 nubilo
195 1389 262 1451 die:
283 1406 381 1450 tantus
400 1389 502 1449 sideris
511 1408 594 1449 amor
606 1386 765 1451 estznoau

95 1468 163 1531 velut
176 1470 321 1531 desiderio
332 1470 463 1532 contrahi
475 1468 628 1530 caeruleum
645 1468 764 1531 florem.

93 1547 199 1611 Genera
215 1549 279 1633 ejus
302 1550 381 1612 duo:
400 1551 578 1626 tricoccum,
600 1551 633 1613 δι
653 1546 764 1611 helios·

93 1647 126 1691 co
153 1652 211 1693 um.

127 1652 190 1773 lloc
206 1711 290 1773 altius
306 1707 510 1794 (quamquam
535 1727 689 1793 utrumque
716 1708 762 1771 se·

94 1791 258 1872 mipedalent
278 1791 458 1854 altitudinem
485 1813 545 1854 non
569 1789 706 1874 excedit)
724 1792 761 1853 ab

94 1873 145 1934 lund
166 1874 262 1936 radice
288 1872 441 1935 ramosum.
461 1871 566 1934 Semen
583 1875 613 1933 in
629 1874 764 1935 folliculo

96 1956 224 2053 unersilms
247 1954 401 2036 colligitur.
420 1953 551 2016 Nascitur
569 1964 637 2050 non.
656 1957 711 2015 nisi
730 1957 763 2017 in
783 2036 789 2050 ⁸

95 2034 765 2207 uuftlrrlnnrununnru

95 2215 168 2259 cere:
187 2194 340 2259 &initae
353 2197 504 2277 jucundius
519 2196 616 2257 alvum
637 2138 763 2257 multia

97 2275 161 2336 &si
182 2276 294 2339 decodli
314 2275 412 2338 succus
427 2274 765 2352 bibatumefficacissImc

99 2357 232 2420 exinaniri.
252 2355 374 2435 Maioris
400 2357 498 2420 succus
518 2360 660 2439 excipitur
682 2354 765 2416 aessa'-

99 2451 141 2506 re,
162 2438 232 2500 hord
250 2436 328 2501 serti
345 2459 353 2499 a
373 2438 507 2499 miscetur
525 2458 592 2497 cum
610 2439 702 2510 vino,
723 2435 766 2494 sic

101 2513 207 2581 firmior.
220 2515 335 2600 Capitis
350 2518 468 2580 dolores
478 2515 573 2588 sedat,
587 2512 704 2574 rosaceo
716 2513 765 2573 ad·

40 2630 42 2635 ,
103 2597 191 2660 mixto.
208 2597 352 2661 Verrucas
367 2620 434 2659 cum
454 2595 512 2657 sale
527 2597 604 2656 tollit
621 2592 720 2654 succus
746 2614 766 2656 e

41 2674 45 2751 l
104 2674 271 2740 loliocunde
288 2678 574 2741 nostriverrucariatn
585 2675 704 2735 herbam
713 2694 765 2756 ap·

43 2760 46 2815 i
107 2755 254 2834 pellacem,
275 2761 338 2820 aliis.
350 2754 704 2842 cognom-inari'effedlibus
722 2758 764 2817 di·

107 2836 234 2914 firdonem.
245 2838 381 2922 Namque
393 2836 763 2979 &serpentibtffswt‘

632 2940 658 3003 ¹1
