1967 3600
219 250 428 321 Hrsm.
454 248 638 324 Liuxuu
720 277 766 351 43

94 366 195 452 Neque
210 370 256 430 alii
272 370 487 430 hortensiorum
518 369 642 432 latitudo
662 370 765 451 maior.

93 451 127 511 In
153 453 231 518 binos
259 451 351 532 pedes
383 450 538 531 aliquando
562 451 592 513 se
617 454 765 532 pandunt,

84 532 209 593 ‚multum
219 529 314 593 &soli
325 531 427 591 traturd
442 530 621 593 conferente.
640 533 696 593 Hae
708 535 769 616 qui·

92 612 159 673 dem
170 616 196 673 in
216 610 373 674 Circeiensi
385 632 455 693 agro
464 613 646 694 amplissima
657 633 766 694 prove·

91 696 176 754 niunt.
196 691 266 754 Sunt
286 694 335 774 qui
352 693 432 753 betas
452 692 765 755 Punicdmaloflorers·

91 791 120 834 te
139 774 244 855 optime
264 773 317 834 seri
340 772 519 835 existiment:
536 774 686 837 transferri
708 796 764 836 au·

90 872 167 925 tem,
187 858 253 915 cum
281 857 409 936 quinque
431 854 569 915 foliorum
586 854 642 918 effe
660 875 763 938 coepe-

90 937 154 995 rint.
175 935 250 995 Mira
273 933 451 1008 differentia,
468 938 492 995 si
511 957 582 996 vera
598 935 762 1009 est‚candi·

89 1015 134 1075 dis
152 1014 221 1081 solvi
240 1015 322 1076 alvos
337 1015 453 1077 modice
463 1060 473 1090 ‚
483 1018 570 1097 nigris
578 1017 709 1078 inhiberi.
723 1016 761 1079 Et

81 1097 154 1156 -ciun
168 1097 292 1160 brassica
310 1113 508 1176 corrumpatur
518 1100 547 1158 in
561 1096 642 1157 dolio
653 1099 715 1159 vini
723 1095 762 1157 sa·

89 1197 164 1258 por,
184 1177 276 1238 odore
296 1178 372 1238 betas
389 1177 467 1237 foliis
484 1178 624 1238 demersis
641 1176 761 1239 restitui.

129 1256 202 1319 XLI.
213 1256 292 1320 Olus
303 1257 474 1339 caulesque,
486 1258 590 1339 quibus
600 1277 674 1318 nunc
685 1260 763 1339 prin·

89 1340 193 1421 ciparus
208 1339 379 1413 hortorum,
404 1338 481 1419 apud
502 1335 767 1398 Graecosinhono·

87 1439 120 1479 re
137 1418 215 1480 fuisse
234 1440 296 1479 non
310 1423 434 1501 reperio.
462 1417 521 1479 Sed
534 1417 611 1479 Cato
630 1417 766 1478 brassica

88 1502 170 1561 miras
187 1502 260 1561 cauit
275 1499 478 1581 laudes,quas
498 1501 529 1558 in
547 1498 683 1560 medendi
692 1498 762 1559 loco

86 1580 249 1643 reddemus.
274 1578 393 1642 Genera
411 1578 472 1659 ejus
493 1578 561 1639 facit
586 1582 655 1642 tria:
674 1598 764 1640 uuam

86 1663 205 1723 extentis
225 1659 323 1733 foliis,
342 1658 762 1743 caule-maguozalteramcris-

85 1762 126 1824 po
145 1741 237 1816 folio,
257 1763 346 1825 quam
364 1744 495 1882 asianam
517 1758 628 1804 vocat:
649 1743 762 1803 tertiam

85 1827 198 1886 minutis
217 1823 364 1898 caulibus,
390 1843 492 1897 enem,
505 1840 656 1898 teneram,
674 1824 761 1884 mini·

85 1905 188 1987 meque
206 1906 321 1988 probat.
334 1904 463 1965 Brassica
477 1916 542 1964 toto
556 1925 630 1964 anno
645 1904 763 1977 feritur,

82 1989 218 2069 quoniam
230 1988 263 2048 &
274 2001 340 2047 toto
352 1984 470 2046 secatur.
488 1985 644 2046 Utilissime
663 2002 763 2046 tamen

84 2067 121 2127 ab
143 2064 316 2149 aquinodtio
339 2067 493 2127 autumnis
517 2064 763 2147 transferturque,

83 2150 148 2209 tum
170 2149 300 2229 quinque
323 2145 459 2207 foliorum
479 2143 530 2208 est.
554 2144 685 2227 Cymaa
722 2147 762 2205 ri-

78 2229 129 2289 mi
150 2226 278 2290 tertione
298 2226 411 2308 praestat
434 2228 568 2308 proximo
590 2246 672 2288 vere.
702 2167 763 2285 ilie

83 2308 122 2370 est
140 2309 260 2393 quidam
278 2306 405 2390 ipsorum
421 2308 544 2368 caulium
560 2307 710 2368 delicatior
718 2321 762 2363 te·

82 2392 236 2472 ueriorque
258 2389 428 2460 trudemus,
449 2388 545 2468 Apicii
566 2388 708 2456 luxuriae‚
729 2381 762 2443 ἃ

83 2492 132 2552 per
152 2491 221 2532 eum
240 2468 340 2531 Druso
361 2464 467 2530 Caesa'ri
485 2465 644 2535 fastiditus,
657 2481 715 2521 non
726 2464 762 2523 si·

80 2571 120 2611 ue
134 2550 322 2634 castigatione
330 2548 442 2611 Tiberii
451 2547 549 2629 patris.
565 2542 633 2606 Post
645 2563 761 2624 cymam

83 2650 118 2691 ex
137 2633 243 2693 eadem
262 2631 386 2691 brassica
409 2630 578 2711 contingunt
599 2623 690 2687 astivi
709 2643 760 2684 au-

80 2711 280 2793 tumnalesque
295 2710 453 2783 eaulicnfi,
475 2730 547 2770 mox
567 2705 759 2779 hiberni‚ite·

75 2812 201 2878 uimque
217 2812 338 2876 cymae,
353 2789 431 2854 nullo
452 2789 535 2874 aeque
561 2806 666 2873 genere
684 2785 761 2850 mut-
