1967 3600
218 290 639 407 Hieron.Lib.XlX.
719 327 763 403 29

32 458 33 463 ¹
139 412 364 488 XXVIILSiler
377 424 410 486 &
424 420 515 505 ipsum
531 420 668 485 Tiberius
688 424 766 519 prin·

32 550 34 577 2
101 524 166 588 ceps
183 503 356 577 nobilitavit,
375 504 503 586 flagitans
523 504 661 565 omnibus
688 511 765 566 annis

32 596 34 643 i
101 608 117 647 e
131 586 288 648 Germania.
301 583 439 646 Gelduba
449 585 607 666 appellatur
618 583 767 647 castellum

32 658 34 723 l
99 667 195 728 Rheno
207 669 391 749 impositum,
406 666 455 725 ubi
472 668 649 747 generositas
667 667 769 747 praeci·

32 778 34 823 j
98 769 159 829 pua
177 748 216 808 Ex
270 769 290 808 o
308 763 425 826 apparet
438 743 546 827 frigidis
568 747 640 808 locis
660 765 768 807 conve·
824 746 828 754 “

32 838 34 905 ἔ
97 830 163 889 nire.
179 828 226 888 Ine
268 826 447 908 longitudine
464 837 590 901 nervus,
607 829 657 908 qui
673 827 767 888 deco·

32 926 34 981 g
98 907 144 968 rtis
154 909 325 981 extrahitur,
343 908 537 966 amaritudinis
552 925 648 968 tamen
662 906 765 989 magud

32 1004 33 1059 ζ
96 1005 172 1068 parte
190 988 304 1048 relicta:
324 1006 388 1068 quae
405 986 498 1047 mulso
516 990 545 1045 in
561 987 633 1048 cibis
654 1003 766 1068 tempe·

97 1087 170 1140 tnta,
188 1072 272 1130 etiam
295 1070 326 1127 in
348 1068 465 1149 gratiam
491 1070 619 1128 vertitur.
649 1067 766 1131 Nervus

32 1162 33 1165 ’
97 1149 170 1208 idem
182 1152 214 1211 dr
226 1146 375 1230 pastinaca
392 1145 493 1226 majori
503 1192 512 1219 ,
524 1147 670 1208 dumtaxat
687 1152 765 1211 anni·

99 1230 173 1290 culae.
199 1228 297 1290 Siseris
324 1226 397 1288 satus
422 1229 569 1297 mensibus
588 1227 767 1301 Februario,

99 1308 201 1451 giam?
210 1354 223 1382 ,
247 1308 365 1391 Aprili,
389 1305 520 1390 Augusto
536 1351 547 1380 ,
577 1306 766 1388 Septembri,

152 1414 170 1451 o
193 1413 223 1451 n.
453 1439 455 1447 ,

132 1470 241 1533 XXlX.
254 1470 379 1532 Brevior
400 1469 443 1530 his
467 1468 525 1543 est,
548 1468 598 1531 sed
622 1469 768 1543 torosior,

91 1554 290 1634 amariorque,
309 1551 402 1623 inula,
421 1549 521 1630 perse
542 1549 692 1611 stomacho
713 1551 768 1609 ini·

98 1633 260 1693 mitissima:
277 1631 382 1691 eadem
399 1631 529 1691 dulcibus
540 1633 633 1691 mixtis
644 1629 768 1692 saluber·

95 1712 171 1774 rima.
189 1711 318 1773 Pluribus
328 1710 424 1770 modis
439 1709 599 1772 austeritate
616 1710 691 1771 vitta
703 1731 767 1793 gra·

91 1793 160 1854 tiam
181 1794 301 1855 invenit.
323 1791 457 1873 Namque
470 1793 541 1854 &in
553 1791 693 1874 pollinem
704 1809 769 1853 tuu-

98 1872 165 1934 ditur
185 1873 284 1945 arida,
304 1873 474 1955 liquidoque
485 1873 563 1933 dulci
574 1889 765 1956 temperatur:
851 1890 855 1900 ’

97 1953 128 2014 dr
138 1953 257 2016 decodla
270 1951 357 2036 posca
371 1995 381 2026 ,
395 1970 443 2013 aut
459 1952 621 2029 adservata,
632 1954 682 2015 vel
706 1974 767 2014 rna·

93 2052 189 2095 ¹cerata
208 2035 337 2116 pluribus
352 2034 464 2105 modis,
482 2035 515 2095 ὃ(
530 2053 598 2096 tunc
619 2038 709 2095 mixta
720 2034 769 2094 de·

97 2110 189 2190 fruto,
211 2133 260 2175 aut
277 2111 390 2174 subada
414 2114 519 2196 melle,
539 2115 640 2175 uvisve
657 2117 763 2195 passis,

95 2211 139 2255 aut
155 2196 309 2279 pinguibus
321 2197 458 2275 caryotis.
483 2194 552 2255 Alio
567 2193 659 2255 rursus
676 2195 767 2256 modo

95 2278 225 2337 cotoneis
244 2275 348 2349 malis,
370 2275 419 2336 vel
444 2274 554 2349 sorbis,
579 2292 627 2337 aut
650 2278 769 2357 prunis,

98 2355 247 2437 aliquando
267 2360 368 2437 pipere
388 2371 436 2415 aut
452 2356 558 2436 thymo
576 2359 705 2424 variata,
719 2354 772 2412 de·
814 2405 816 2409 .

97 2432 179 2497 fedius
194 2438 338 2576 praecipue
349 2434 486 2498 stomachi
505 2438 631 2503 excitat,
648 2429 770 2491 illustra·

99 2527 127 2572 ta
143 2517 267 2577 maxime

102 2592 145 2654 bo.
171 2595 390 2679 Supervacuum
407 2593 470 2673 ejus
488 2592 585 2653 semen
604 2615 612 2655 :
634 2594 769 2675 quoniam

99 2676 184 2736 oculis
203 2698 242 2738 ex
263 2677 359 2738 radice
379 2676 498 2749 excisis,
518 2691 551 2734 ut
575 2674 685 2734 arundo
701 2673 770 2734 seri·
832 2721 834 2723 -

96 2768 148 2816 tur.
169 2756 206 2817 Et
227 2758 290 2816 haec
311 2773 428 2828 autern,
443 2756 475 2816 ὅ(
495 2754 582 2825 siser,
601 2754 631 2813 Β(
650 2753 771 2836 pastina·

95 2854 150 2911 oa,
169 2854 297 2917 utroque
318 2852 467 2916 ternpore,
478 2854 549 2897 vete
566 2835 598 2895 &
615 2853 769 2907 autumno,

580 2913 603 2977 n
624 2911 652 2994 iij

301 2517 364 2576 uliae
382 2514 521 2596 Augustae
542 2512 710 2593 quotidiano
731 2514 770 2572 ci-
862 2533 865 2539 *
