1967 3600
79 360 82 370 Ι
198 271 269 357 226
320 274 359 342 C.
382 270 553 352 Pmn
571 273 758 343 Narve.

208 429 214 440 -
236 391 380 454 XXXIV.
396 390 541 465 Acanthi‚
555 394 686 474 topiariae
705 393 739 455 δε
760 391 895 455 urbana
981 421 982 454 3

196 474 313 547 herba,
331 475 407 534 elato
435 472 582 554 longoque
601 471 696 546 folin,
715 476 897 555 crepidines

111 575 119 588 ·
196 557 378 639 marginum,
397 551 480 612 adsur
500 556 668 636 entiumque
692 554 896 635 pulvinorum
981 587 983 618 t

197 653 281 697 totos
292 632 457 705 vestientis,
489 654 528 695 uo
545 651 650 716 genera
662 632 724 694 sunt
739 658 749 696 ε
765 637 896 696 aculea·
981 666 983 698 1

198 734 261 777 tutu
278 716 310 777 δι
327 712 386 773 cris
421 734 469 786 m,
488 714 569 796 quod
589 715 733 775 brevius:
756 717 895 777 alterum

198 798 295 868 laeve,
316 815 374 875 quo
413 795 500 876 aliqui
524 795 672 886 paederota
693 813 827 869 vocant,
842 798 906 857 aliiss
981 827 982 832 1

198 874 450 956 melamphyllunt.
474 875 570 955 Hujus
589 875 699 936 radices
717 874 787 936 ustis
809 877 896 936 luxa·

196 955 290 1039 aisque
307 957 379 1016 tuiti
397 953 535 1038 prosunt:
553 957 624 1016 item
636 958 743 1037 ruptis,
761 958 895 1020 convul-

198 1039 257 1109 sis,
277 1036 447 1117 &phthisin
458 1038 651 1097 metuentibus
664 1036 784 1096 incoilae
796 1039 870 1098 cibo
880 1083 893 1110 ,

198 1118 325 1179 maximi
345 1116 461 1197 ptisana
482 1117 618 1201 Podagtis
631 1136 748 1201 quoque
765 1116 894 1180 illinun-

199 1215 247 1260 tur
269 1201 342 1257 ttitae
360 1198 391 1259 dt
407 1196 549 1257 calefaflae
567 1198 675 1259 calidis.

114 1322 118 1331 ·
211 1297 215 1305 ’
242 1277 369 1340 XXXV.
390 1278 558 1360 Bupleuton
580 1281 610 1338 in
631 1278 733 1360 sponte
763 1280 897 1341 nascen-v

200 1362 275 1420 tium
296 1360 412 1434 olerum.
430 1379 552 1419 numero
567 1357 664 1420 Graeci
678 1360 807 1434 habent,
819 1383 893 1421 cau-

202 1443 232 1502 le
253 1441 390 1512 cubitali,
406 1441 485 1501 foliis
504 1439 599 1500 multis
619 1439 717 1523 longis
752 1461 789 1515 e,
810 1444 893 1524 capi·

203 1541 235 1583 te
253 1522 368 1595 anethi,
381 1522 527 1580 laudatum
542 1522 572 1580 in
588 1521 659 1581 cibis
670 1522 706 1581 ab
752 1523 893 1604 ippocra·

203 1620 252 1663 te:
270 1605 300 1660 in
314 1598 644 1662 medicinlaGlaucone
654 1647 664 1676 ‚
676 1603 708 1664 &
726 1601 892 1663 Nicandro.

205 1681 313 1746 Semen
330 1699 429 1742 contra
442 1681 589 1763 serpentes
603 1682 689 1744 valet.
704 1681 787 1743 Folia
796 1684 834 1744 ad
850 1682 895 1744 se·

204 1763 523 1837 tundasleminarutn,
541 1763 592 1824 vel
617 1762 732 1836 succum
751 1784 791 1824 ex
816 1764 893 1827 vino

185 1844 383 1906 illinunt&
400 1844 514 1904 strumis
536 1843 607 1904 folia
624 1866 689 1905 cum
709 1843 766 1905 sale
787 1846 820 1907 &
842 1848 893 1905 vi-

204 1942 257 1986 no.
273 1924 367 1983 Radix
381 1941 484 1985 contra
507 1925 653 2007 serpentes
663 1925 747 1988 datur
757 1926 894 2000 invitm,

205 2006 352 2067 &urina
374 2005 494 2067 ciendae.

247 2083 365 2146 XXXV
367 2084 388 2145 l.
412 2084 577 2167 Buprestim
591 2086 698 2171 magni
724 2086 896 2148 inconstans

206 2166 248 2227 fit
268 2164 365 2228 Gtaeci
379 2167 411 2227 in
430 2167 562 2228 laudibus
576 2169 708 2229 cibotum
727 2169 817 2229 etiam
840 2169 894 2229 ha·

190 2250 317 2310 unere:
335 2247 481 2329 iidemque
502 2249 633 2311 remedia
656 2266 805 2331 tamquam
821 2269 895 2310 con·

207 2342 251 2391 tra
268 2349 414 2389 venenum
460 2329 641 2391 rodiderunt.
662 2329 700 2390 Et
719 2327 812 2411 ipsum
836 2351 893 2389 no·

209 2428 278 2473 tnen
296 2410 404 2473 indicio
413 2350 460 2470 etl
463 2409 648 2471 boum'certb
658 2430 808 2471 venenum
815 2409 893 2483 effe,

210 2512 285 2574 quos
296 2492 416 2552 dissilire
427 2490 575 2575 degustati
584 2490 718 2553 fatentur.
731 2488 894 2574 Quaprop-

211 2588 257 2632 ter
278 2593 333 2633 nec
352 2574 390 2633 de
413 2573 466 2633 hac
494 2574 576 2654 plura
595 2573 734 2633 dicemus.
757 2571 806 2632 Est
815 2571 895 2631 verli

211 2650 318 2726 causa,
342 2674 429 2734 quare
457 2673 572 2716 venena
596 2652 789 2716 monstremus
816 2652 894 2712 inter

211 2736 369 2810 gramineas
387 2752 528 2805 coronas,
547 2735 602 2793 nisi
616 2735 741 2794 lihidinis
752 2731 835 2794 causi
844 2751 893 2791 ex·
981 2788 982 2793 ,

212 2813 340 2895 petenda
357 2815 442 2877 alicui
463 2815 600 2889 videtur,
616 2834 704 2898 quam
724 2833 786 2879 noa
810 2811 893 2880 aliter
981 2844 982 2847 ¹
