1967 3600
37 232 44 305 i

27 1947 28 1950 ¹
93 1919 162 1982 atbar
184 1944 229 1985 eas
244 1929 274 1988 in
297 1925 380 1987 cibis.
400 1924 436 1986 Se

27 2047 28 2084 3
93 1995 118 2057 su
125 1997 258 2068 stomacho
268 2005 613 2088 utilissimaejudicanrur,
625 2009 657 2070 δι
671 2009 762 2067 inte-1

225 278 322 351 Hrs
341 277 638 351 ron.Lib.XX.
709 279 752 380 ⁶5

89 397 218 480 adalligata
233 398 385 471 febribus,
401 397 499 458 sanare
519 397 667 473 dicuntur,
686 419 755 481 quas

33 488 34 491 ’
89 476 167 539 Greci
185 480 353 561 periodicas
370 496 490 541 vocant.
508 476 614 539 Sarivae
640 499 698 560 quo
737 498 755 543 e

89 556 687 640 rasaesuccustepefatiusauribusmedetur.

87 637 173 716 roeius
182 642 305 700 interior
319 642 385 700 sine
395 639 519 711 semine,
530 638 758 720 clavispeduru„

89 717 383 800 &suppurationibus,
395 741 458 802 quae
468 718 564 780 Graeci
573 736 758 800 vocanrapoi

87 795 191 859 stemate.
209 798 357 862 Decoeiae
378 818 474 861 aurem
485 798 625 860 universae
636 800 754 873 succus,

86 877 196 939 dentium
204 898 307 942 morus
320 879 442 953 stabilit,
462 880 619 942 &dolores
634 880 755 944 inhibet.

86 955 754 1034 vnuncumetfervefattum‚oculorunetianr

85 1036 201 1118 inpetus.
218 1040 306 1103 Folia
314 1040 382 1121 ejus
392 1062 459 1102 cum
469 1040 628 1102 recentibus
638 1061 755 1123 cupres-

87 1120 106 1177 si
122 1119 250 1193 contusa,
268 1125 304 1185 δι
322 1123 481 1203 imposita:
499 1120 558 1203 ipsa
575 1141 693 1204 quoque
709 1138 754 1182 to·

85 1195 120 1257 tta
136 1200 160 1259 in
174 1202 271 1283 argilla
279 1246 291 1274 ‚
312 1224 352 1264 ac
371 1205 438 1262 trita
457 1222 525 1263 cum
537 1202 621 1276 adipe
630 1200 753 1275 anseris,

90 1278 229 1342 vulneribus
244 1283 398 1344 medetur,
408 1281 474 1342 Nec
483 1303 544 1342 non
551 1284 683 1342 ramentis
690 1302 756 1342 cor·

90 1358 138 1417 titis
155 1379 280 1424 recentes
303 1363 452 1445 podagras
473 1361 641 1443 refrigerat,
657 1363 689 1422 δι
710 1382 756 1421 ar,

28 1474 29 1481 κ
88 1436 158 1499 dores
172 1446 290 1583 tegitis,
306 1443 462 1505 infantium
478 1442 614 1503 maxime.
627 1439 663 1502 Et
674 1444 755 1522 ignes

90 1514 182 1596 sacros,
219 1544 235 1584 e
252 1523 305 1585 stri

360 1527 447 1598 entis,
465 1524 515 1585 vel
536 1523 581 1582 his
592 1522 754 1603 impositis,

90 1599 129 1657 vel
145 1599 292 1666 seminibus
307 1544 413 1665 fficus
432 1624 469 1665 ex
487 1602 680 1742 stripmemiss
698 1602 756 1662 ilii·

27 1700 28 1703 ¹
91 1690 128 1737 tus
145 1700 203 1742 cum
219 1683 343 1752 rosaceo
361 1685 393 1747 δι
410 1701 512 1757 aceto,
541 1682 651 1749 ebrium
669 1682 753 1743 ardo·

90 1774 127 1818 res
141 1760 290 1848 refrigerat.
315 1765 414 1829 Aridae
431 1767 501 1827 cinis
513 1766 664 1846 impositus
681 1764 753 1827 mire

92 1840 317 1907 combustasanat.
335 1844 444 1925 Chrysi
467 1866 521 1927 pus
530 1845 659 1910 medicus
669 1844 753 1905 darn·

439 1868 466 1987 ci
475 1928 606 1986 omnium
631 1924 753 1987 consen-
815 1963 824 1973 ‚

94 2095 225 2145 terreorum
240 2090 462 2169 vesicarumque
483 2087 753 2148 exulcerationibus.

125 2158 170 2223 lx.
185 2164 231 2226 Est
247 2170 281 2231 &
299 2189 371 2248 rapo
389 2171 434 2228 vis
455 2169 576 2228 medica.
594 2168 752 2228 Pemiones

94 2233 191 2304 fervens
207 2248 378 2330 impositum
393 2245 478 2308 sanat.
500 2247 574 2308 Item
589 2246 675 2330 frigus
691 2246 752 2328 pel-

95 2314 121 2377 lit
136 2341 150 2380 e
167 2326 296 2404 pedibus.
315 2327 402 2411 Aqua
425 2327 536 2389 decobii
554 2326 615 2409 ejus
633 2327 752 2388 fervens

93 2400 317 2485 podagrisetiam
331 2407 365 2469 fri
396 2409 438 2469 dis
456 2411 614 2470 medetur:
637 2409 670 2467 δι
684 2424 753 2463 cru-
840 2430 848 2440 ·

95 2475 153 2540 dum
168 2484 256 2546 tusum
268 2509 333 2548 curn
345 2429 421 2560 saib,
437 2490 610 2565 cuicumque
619 2486 692 2543 virio
704 2502 753 2563 pe·

96 2554 160 2621 dun
182 2564 287 2627 Semen
311 2569 415 2630 illitum
435 2569 468 2627 δι
490 2584 594 2647 porum
612 2565 642 2622 in
662 2563 750 2644 vino,

101 2644 482 2729 spnmserpenres&roxica
491 2644 609 2706 salutare
617 2640 677 2703 effe
687 2664 752 2724 pro·
823 2722 827 2730 Ι

95 2714 166 2806 §istur-
185 2725 214 2786 A
233 2727 331 2787 multis
349 2730 421 2798 verb
439 2728 564 2787 antidoti
577 2728 637 2785 vim
646 2724 750 2788 habere

90 2813 121 2860 tn
133 2802 197 2869 rino
213 2807 246 2874 bc
258 2807 339 2873 oleo.
354 2807 540 2872 Democritus
560 2808 592 2869 in
608 2821 700 2878 toturn
715 2826 751 2870 ea
