1967 3600
215 273 261 352 54
310 253 348 329 C.
373 253 552 322 Parurr
577 253 766 323 Nava.

212 391 267 433 ceu
276 369 451 444 feniculum,
461 391 496 431 an
537 370 600 431 ibus
614 368 661 448 (ut
670 368 817 452 diximus)
829 391 908 454 gm-

211 454 375 528 tissimum,
386 453 422 512 ad
434 472 490 513 con
511 451 596 511 ienda
602 451 744 532 plurima,
757 455 824 513 cum
838 455 908 512 ina·

212 535 280 594 ruit.
301 533 391 613 Eique
405 551 545 613 perquam
566 532 664 591 similis
685 533 825 612 thapsia,
862 535 908 594 de

236 612 405 687 addiximus
423 614 499 672 inter
510 629 645 673 externos
661 610 788 673 frutices.
803 612 907 675 Dein-

212 635 253 755 de
264 694 413 753 utilissima
426 690 541 753 funibus
551 691 685 753 cannabis
697 692 798 754 seritur
809 715 827 752 a
841 693 906 757 Fa,—

215 775 316 836 vonio.
338 771 412 853 Quo
431 772 548 834 densior
567 772 630 849 est,
646 775 684 834 eb
703 777 830 835 tenuior.
851 772 907 835 Se·

214 853 283 916 men
303 849 366 931 ejus
386 854 453 919 clam
476 852 518 915 est
537 870 697 927 maturum,
715 855 751 915 ab
768 857 908 934 aequino-

215 932 273 993 uio
283 936 410 995 autumni
422 932 614 1016 distringitur,
626 937 659 998 δι
669 932 811 1007 Sole,aut
823 957 907 996 ven·

215 1032 267 1086 to,
284 1029 332 1077 aut
349 1013 431 1078 fumo
452 1016 584 1076 siccatur.
601 1012 664 1096 lpsa
683 1014 817 1079 cannabis
832 1016 907 1077 vel·

215 1094 284 1155 litur
301 1092 366 1176 post
386 1095 580 1164 vindemiam,
599 1116 632 1155 ac
652 1093 908 1159 lucubrationibus

217 1174 396 1236 decorticata
407 1195 552 1257 purgatur.
571 1173 693 1255 Optima
703 1175 905 1249 Alabandica,

217 1256 368 1338 plagarum
392 1256 537 1338 praecipue
565 1255 672 1321 usibus.
692 1255 764 1317 Tria
779 1255 844 1336 ejus
860 1258 907 1319 ibi

219 1357 335 1420 genera.
345 1336 530 1418 improbatur
547 1338 646 1397 cortici
657 1339 839 1417 proximum,
852 1354 907 1399 aut

217 1418 373 1481 medullae:
390 1417 584 1479 laudatissima
600 1415 641 1477 est
662 1438 679 1477 e
698 1418 815 1490 medio,
835 1440 906 1500 quae

221 1499 300 1560 mesa
316 1514 453 1560 vocatur:
469 1496 592 1561 secunda
602 1495 744 1577 Mylasea.
754 1497 851 1577 Quod
864 1498 907 1559 ad

215 1630 218 1633 .
243 1581 427 1641 roceritatem
445 1577 566 1660 quidem
589 1579 709 1652 attinet,
726 1577 822 1639 Rosea
842 1580 906 1662 agri

220 1599 319 1721 gabini
337 1659 474 1720 arborum
493 1658 673 1719 altitudinem
685 1676 789 1740 aequat.
808 1658 906 1719 Feru-

221 1738 257 1806 lae
278 1740 337 1800 duo
357 1759 462 1823 genera
479 1741 509 1799 in
526 1741 684 1822 peregrinis
700 1738 849 1800 fruticibus
865 1740 907 1800 di·

219 1821 325 1882 ximus.
336 1819 442 1881 Semen
459 1818 520 1899 ejus
528 1824 558 1880 in
573 1818 653 1882 ltalia
664 1820 745 1883 cibus
756 1819 806 1883 est.
816 1820 906 1882 Con·

221 1900 299 1970 ditur
316 1903 384 1982 quip
408 1923 444 1976 e,
464 1902 605 1983 duratque
620 1903 650 1964 in
668 1902 761 1962 urceis
780 1902 833 1963 vel
853 1924 906 1963 an·

222 1982 255 2052 ni
268 1980 366 2063 spatio.
376 1924 448 2043 buo
458 1980 521 2063 eius
557 2002 661 2044 enera:
682 1981 797 2054 caules,
810 1984 844 2044 δι
857 2004 906 2043 ra·

223 2065 309 2122 cemi.
329 2058 524 2143 Corymbiam
537 2003 616 2124 banc
635 2081 763 2136 vocant,
779 2084 905 2143 corym-

222 2141 282 2220 bos
297 2164 334 2204 ue
357 2163 431 2226 quos
452 2144 599 2208 condiunt.

265 2164 358 2286 lbrll.
385 2245 432 2286 10.
456 2224 581 2286 Morbos
611 2224 759 2286 hortensia
784 2244 906 2308 quoque

138 2310 146 2321 “
222 2301 373 2377 sentiunt,
394 2307 466 2365 sicut
492 2306 601 2386 reliqua
620 2323 704 2365 terrae
723 2301 788 2365 sara.
809 2304 906 2366 Nam·

219 2405 283 2468 ,que
303 2386 335 2446 &
358 2386 486 2446 ocimum
505 2383 618 2446 senebli
633 2384 789 2467 degenerat
803 2387 833 2445 in
848 2384 906 2446 ser·

224 2466 361 2547 pyllum‚
379 2465 608 2547 &sisymbrium
625 2468 656 2525 in
670 2483 807 2527 mentam.
820 2465 857 2526 Et
867 2485 906 2526 ex

225 2544 334 2611 semine
353 2547 486 2609 brassica
507 2548 613 2610 veteris
623 2568 692 2629 rapa
701 2544 793 2616 fiunt,
818 2564 906 2686 atpue
979 2595 980 2624 3

225 2627 364 2688 invicem.
388 2627 427 2689 Et
444 2646 562 2690 necatur
575 2626 765 2690 cuminumab
777 2626 848 2687 limo
871 2648 906 2687 o·
979 2629 980 2692 3

227 2724 282 2777 ro,
295 2709 350 2767 nisi
367 2725 547 2791 repurgetur.
570 2705 619 2767 Est
636 2725 733 2767 autem
750 2705 905 2781 unicaule,
979 2713 980 2788 l

224 2784 324 2852 radice
341 2786 432 2853 bulbo
451 2789 559 2865 simili,
571 2790 702 2871 nonnisi
712 2791 743 2851 in
757 2787 824 2870 <solu
840 2807 904 2875 gra·
979 2799 980 2806 ’
