1967 3600
246 323 318 398 ²92
372 303 409 374 C.
429 301 605 374 Pentri
625 302 819 376 ΝΛΜ)

244 422 287 485 do
298 443 314 484 c
334 422 422 483 acinis
439 419 567 483 derradlo
582 422 693 496 corrice
711 424 782 483 tusis
798 466 809 498 ,
826 417 925 485 suee'oi

244 523 305 584 que
316 501 440 564 decoiio
452 501 489 563 cd
511 503 624 583 tertias,
632 522 699 562 cum
713 504 814 575 croci,
826 506 861 566 δι
873 500 924 564 slis

244 584 331 653 minis
343 581 436 656 scissi,
446 581 595 663 myrrhae,
606 580 794 643 mellisAttici
806 583 925 645 selibris.

232 662 308 734 cdlii
328 664 362 725 δι
377 663 434 722 hoc
455 661 549 723 modo
570 659 698 723 faciunt:
713 660 822 723 Punica
846 664 925 724 acide

245 741 335 807 multa
357 740 532 803 tunduntur:
551 738 649 801 succus
664 743 694 800 in
713 744 823 804 cacsbo
845 763 925 815 nove

246 823 382 903 coquitur
400 822 495 882 mellis
512 820 714 891 crassitudine,
732 820 769 882 ad
787 823 925 884 virilitatis

246 899 373 965 &sedis
398 903 489 977 vitia,
511 902 545 964 dt
565 902 662 961 omnia
680 921 745 984 quae
766 901 862 983 Lycio
880 924 925 964 cu·

247 997 361 1054 rantur,
379 1001 462 1042 eures
482 981 664 1062 purulentas,
679 980 832 1062 epiphoras
855 984 924 1043 inci·

245 1062 381 1146 pientes,
397 1062 496 1122 rubras
516 1063 651 1122 maculas.
672 1061 706 1122 In
731 1061 862 1123 manibus
883 1084 924 1141 rc·

245 1144 291 1204 mi
312 1139 488 1203 Punicorum
516 1140 662 1222 serpentes
680 1142 789 1223 sugant.
808 1142 923 1204 Cortice

246 1219 350 1284 Punici
370 1241 409 1283 ex
427 1224 499 1284 vino
514 1222 629 1282 decocti
648 1222 681 1283 δι
698 1223 846 1302 impositi,
862 1243 924 1304 per·

246 1305 352 1365 aiones
369 1301 511 1363 sanantur.
529 1299 691 1362 Contusum
711 1304 821 1363 malum
832 1304 922 1363 extri·

248 1382 304 1444 bus
326 1382 448 1444 heminis
466 1384 544 1455 vini,
560 1380 712 1442 decoctum
723 1383 760 1442 ad
769 1383 906 1444 heminam
920 1396 921 1401 ’

178 1490 182 1494 ·
249 1461 429 1524 tormina&
444 1463 542 1523 tremas
557 1461 648 1542 pellit.
666 1460 804 1522 Punicum
821 1466 848 1523 in
866 1424 921 1522 ons

249 1542 354 1617 novi,
371 1541 549 1622 cooperculo
574 1542 680 1613 inlito,
703 1541 834 1604 insumo
853 1562 922 1603 exo·

249 1621 347 1694 sium,
361 1623 394 1684 δι
414 1623 594 1695 contritum,
608 1638 771 1705 potumque
789 1624 818 1683 in
835 1626 921 1696 vino,

251 1701 324 1765 sistit
339 1701 453 1774 alvum,
462 1701 573 1763 discutit
587 1703 722 1763 tormina.

292 1781 371 1847 LIX.
390 1781 500 1845 Primus
521 1784 604 1865 pomi
618 1780 701 1865 hujus
722 1802 820 1865 partus
837 1783 921 1845 flore·

251 1884 286 1926 re
304 1866 484 1944 incipientis,
508 1866 626 1944 cytinus
651 1881 772 1926 vocatur
796 1864 919 1940 Grecis,

249 1944 334 2006 mira
353 1942 560 2006 observationis
578 1944 736 2006 multorum
748 1947 921 2027 experimen·

250 2038 296 2097 to.
310 2021 341 2083 Si
357 2025 423 2103 quis
440 2043 532 2085 unum
550 2035 587 2086 er
606 2026 669 2097 his,
684 2023 791 2086 solutus
812 2025 919 2088 vinculo

199 2155 205 2162 ,
252 2105 336 2166 omni
353 2102 460 2165 ciniisls
483 2105 697 2180 decalmatio,
727 2123 813 2187 atque
841 2107 917 2166 etiam

250 2184 350 2259 anuli,
362 2183 535 2266 decerpserit
555 2186 670 2246 duobus
686 2185 801 2268 digitis,
820 2186 918 2267 pollice

251 2264 290 2328 ἃ
302 2282 405 2347 quarto
423 2264 540 2325 sinistra
554 2266 672 2339 maniis,
684 2281 771 2348 atque
784 2268 821 2326 ira
833 2263 919 2324 lustra*

252 2347 292 2410 ris
306 2347 365 2407 levi
380 2343 454 2406 tastu
466 2346 574 2419 oculis,
583 2365 654 2405 mox
664 2349 693 2405 in
702 2366 736 2406 os
745 2347 865 2406 additum
874 2344 919 2403 de·

252 2428 420 2501 voraverit,
439 2446 477 2486 ne
498 2425 583 2487 dente
604 2427 750 2507 confingat
766 2469 776 2499 ,
795 2422 920 2485 adfirma-

252 2523 302 2570 tur
318 2507 425 2569 nullam
446 2508 597 2567 oculorum
615 2507 837 2567 imbecillitatem
860 2500 919 2585 pas

252 2585 335 2650 surus
359 2608 397 2649 eo
414 2609 501 2649 anno.
518 2586 610 2648 Iidem
631 2589 722 2668 cytini
743 2587 834 2647 siccati
850 2583 920 2642 triti-

251 2686 330 2748 que,
345 2686 445 2728 carnes
460 2666 655 2730 excrescentes
672 2665 809 2727 cohibent
819 2684 827 2724 τ
837 2663 919 2800 gippi-

253 2749 301 2807 vis
321 2748 354 2810 dt
375 2747 509 2810 dentibus
527 2747 679 2808 medentur
692 2769 700 2808 r
714 2746 763 2808 vel
772 2747 796 2806 si
807 2744 875 2805 mob‘
888 2760 918 2802 es

250 2827 328 2898 sine,
343 2826 467 2895 decedo
479 2825 575 2892 succo.
585 2823 649 2911 lpsr
665 2823 830 2913 corpuscrda
843 2823 917 2897 trita,
