1967 3600
239 271 325 351 ¹‘424
375 255 412 328 C.
433 256 612 327 Parim
635 252 832 327 Nnrun.

250 375 417 439 fruticosum
428 397 445 435 a
457 374 573 445 radice,
591 374 624 435 dt
638 369 776 434 foliosum
791 373 878 456 usque
888 363 923 435 ad

251 478 391 520 cacumen
402 479 410 517 t
427 454 504 530 foliis
514 452 653 537 angustis,
664 458 843 515 mucronatis
851 499 860 528 ,
869 455 923 516 suc·

250 541 350 612 cosis,
370 537 467 618 palmo
489 535 550 594 alto
571 534 669 594 caule:
683 535 768 594 radix
787 536 900 596 inutilis.

139 685 146 695 ‚
294 616 376 679 CIII.
393 616 468 676 Huic
484 615 586 674 similis
596 612 654 689 est,
672 635 760 696 quam
772 613 921 675 Graecian-

251 699 396 759 drachnen
413 697 518 778 agriam
534 711 656 767 vocant,
667 692 733 755 Itali
744 695 921 770 illecebram,

251 779 379 859 pusillis,
397 776 544 837 latioribus
562 773 655 847 foliis,
666 775 795 835 breviori
806 777 921 836 cacumi-

251 878 299 918 ne.
326 855 457 916 Nascitur
472 858 503 915 in
546 856 632 925 etris,
650 855 684 917 δι
703 854 767 914 colli
788 856 842 914 'tur
866 856 919 915 cibi

250 936 345 997 causa.
367 935 512 997 Omnium
525 877 633 1007 lustum
657 936 704 996 vis
731 955 764 994 ea
783 955 848 1007 em,
868 953 920 994 re·

249 1016 385 1098 frigetare
401 1018 435 1077 δι
454 1015 638 1095 adstringere.
676 1013 830 1075 Medentut
856 1035 919 1153 epi·

291 1099 350 1157 oris
371 1095 441 1156 folia
457 1098 612 1176 imposita,
631 1095 682 1154 vel
693 1094 790 1156 succus
797 1098 863 1154 inun
887 1115 918 1155 rs.

270 1097 290 1155 h

249 1117 356 1259 lutgat
373 1179 450 1236 enim
469 1178 566 1236 ulcera
576 1176 917 1256 oculorum-expletque,

252 1258 286 1320 ἂ
303 1257 340 1316 ad
355 1259 518 1317 cicatricem
537 1256 686 1338 perducit:
707 1256 856 1338 palpebras
871 1255 916 1314 de·

252 1338 383 1420 glutinat.
402 1337 521 1397 Eadem
535 1338 635 1418 capitis
647 1335 799 1397 doloribus
810 1335 916 1408 meden-

252 1434 318 1489 tur,
337 1415 421 1479 succo
431 1418 481 1478 vel
493 1416 565 1477 lolio
576 1417 758 1498 temporibus
770 1417 853 1477 illitis.
861 1414 916 1475 Ad·

252 1496 400 1559 versantur
424 1497 641 1579 phalangiorum
673 1495 793 1557 idibus:
812 1497 915 1557 aconito

252 1578 327 1639 verb
345 1574 436 1657 majus
451 1579 566 1638 aizoum
582 1578 739 1659 praecipue.
758 1576 789 1637 A
803 1577 915 1657 scorpio·

253 1658 337 1720 nibus
358 1678 474 1740 quoque
495 1658 648 1718 habentem
664 1656 794 1718 idferiri
815 1671 913 1739 negant.

295 1736 453 1798 Medentur
462 1739 610 1802 &aurium
621 1738 726 1799 dolori.
745 1736 817 1798 Item
827 1737 913 1797 luccas

251 1818 381 1879 inundus
400 1817 572 1900 hyoscyami
589 1819 704 1880 modice
715 1843 723 1880 :
735 1821 805 1879 item
821 1815 913 1878 Achil·

250 1899 322 1969 leae,
342 1899 375 1958 δι
392 1901 512 1958 minoris
526 1901 679 1973 centaurii,
700 1901 733 1961 ὃ(
744 1898 912 1980 plantaginis:

248 1977 409 2057 peucedani
425 1998 491 2037 cum
511 1978 629 2040 rosaceo
644 1982 676 2042 dt
694 1982 844 2041 meconio:
855 1958 913 2037 alo·

248 2060 274 2115 ri
292 2054 390 2116 succus
407 2077 475 2118 cum
494 2059 571 2120 rosal.
595 2059 703 2121 Omnis
720 2079 817 2121 autem
832 2057 914 2138 strigi-

248 2137 271 2197 li
288 2134 438 2198 calefablus
459 2138 627 2201 infunditur.
645 2139 818 2222 Cotyledon
838 2140 913 2198 etiam
934 2208 941 2222 ·

248 2218 427 2358 purulentis,
446 2221 478 2281 δι
492 2240 560 2281 cum
579 2220 707 2281 medulla
722 2221 838 2282 cervina
850 2217 915 2278 cale·

252 2368 254 2373 Ι
277 2297 329 2358 dd.
345 2297 430 2357 Ebuli
449 2301 550 2360 radicis
569 2303 642 2360 tn'rae
660 2299 758 2363 succus
769 2303 854 2360 linteo
869 2310 914 2357 co·

234 2379 321 2438 latus
331 2422 340 2452 ,
352 2398 422 2438 mox
430 2380 462 2439 in,
470 2377 540 2440 Sole
554 2379 704 2455 densatus,
723 2385 756 2444 &
772 2383 837 2441 curn
844 2397 912 2457 opus
967 2398 968 2439 l

249 2461 304 2534 sit,
322 2457 439 2519 rosaceo
461 2460 566 2522 dilutus
586 2462 618 2521 &
637 2459 914 2542 calefabtus,paroti·
967 2452 968 2527 l

249 2539 299 2599 das
319 2536 405 2598 sanat.
423 2539 594 2601 Verbenaca
605 2561 746 2623 quoque:
764 2544 834 2602 item
844 2538 913 2621 plan·

249 2622 913 2766 ntnfnmnnsms

234 2777 313 2843 ¹tltia
328 2798 394 2842 cum
410 2777 533 2864 cypeto.
700 2780 702 2784 '
