1967 3600
225 238 295 314 208
343 240 385 313 ,0.
412 241 587 312 Prrnrr
612 233 808 311 uma

226 362 266 422 de
285 361 321 423 ed
341 362 488 422 traditurt
508 360 634 420 radicem
657 358 716 439 ejus
744 360 921 422 alterutrius

225 440 309 503 sexus
329 441 543 504 similitudinem
562 430 792 513 referr'e,raram
811 444 920 502 inven-

226 539 279 584 tu:
296 521 345 584 sed
367 526 391 583 si
411 523 480 583 viris
499 522 652 603 contigerit
672 543 732 581 mas
747 524 919 597 ,amabiles

227 602 300 664 fieri.
327 602 454 664 Ob‘hoc
472 603 506 663 δι’
526 600 674 661 Phaonem
701 602 848 664 Lesbium
872 603 918 662 di·

227 682 333 744 ledum
353 679 514 763 aSappbo.
542 681 645 743 Multae
669 683 824 742 circaboc
854 704 918 745 non

228 782 379 844 magorum
397 761 492 825 sollun
510 765 671 834 vanitates,
690 761 842 824 sedetiam
854 764 919 846 Py-

204 845 451 925 -rhagoricorum
472 841 532 903 Sed
547 844 576 903 in
594 843 711 905 medico
731 843 783 903 usu
805 862 917 925 preter

226 922 309 1003 suprir
325 922 399 984 dicta
417 924 567 984 auxiliatur
585 925 801 996 inflationibus,
813 928 919 986 tormi-

227 1006 327 1077 nibus,
346 1004 443 1066 c'ordia
467 1006 547 1065 vitiis
555 1048 567 1076 ,
578 1002 753 1079 sonuerim,
770 1003 917 1079 iocineri,

251 1085 395 1145 raecordiis
408 1087 438 1145 in
458 1085 531 1166 aqui
550 1086 660 1157 mulsi,
678 1085 747 1146 lieni
762 1087 792 1144 in
814 1086 916 1168 poscit

227 1105 306 1226 lrem
322 1186 359 1226 ex
377 1165 469 1226 mulsi
492 1167 626 1238 renibus,
645 1165 831 1248 stranguriae,
852 1170 916 1247 opi⁴

230 1246 399 1308 llhotonicis
423 1245 554 1328 spalmis,
575 1246 696 1320 lumbis,
716 1247 915 1329 hydropicis,

230 1326 915 1403 comitialibus,mulierummensibus,sivesub·

232 1408 345 1483 sidant,
362 1410 425 1469 sive
445 1408 609 1479 abundent,
621 1409 836 1490 vulvarumque
852 1429 915 1468 om⁴

232 1489 315 1549 nibus
333 1490 420 1549 vitiis.
437 1488 565 1549 Extrahit
589 1486 678 1549 infixa
701 1492 822 1572 corpori
846 1509 912 1549 cum

231 1570 330 1630 melle.
351 1566 495 1640 Strumas‚
513 1569 676 1650 parotidas,
693 1590 806 1649 panos,
831 1589 912 1630 rece·

232 1648 334 1709 dentes
350 1650 387 1709 ab
399 1649 511 1709 ossibus
531 1671 629 1711 carnes
647 1649 724 1711 sanat
742 1671 810 1711 cum
824 1671 913 1710 axun·

234 1729 281 1813 gil
301 1728 384 1803 salsi,
399 1731 434 1791 de
452 1747 570 1791 cerato:
590 1732 661 1805 item
680 1730 826 1792 ftacluras.
843 1729 911 1792 cra*

233 1811 331 1891 pulam
347 1810 466 1892 praesum
489 1828 517 1870 ra
528 1830 625 1886 arcet,
643 1811 740 1872 alvum
753 1811 836 1874 sistit.
850 1813 913 1873 Ali·

256 1892 285 1949 ui
304 1911 320 1950 e
341 1889 443 1951 nostris
461 1833 513 1950 llb
528 1889 646 1953 solstitio
664 1893 760 1976 colligi
778 1913 842 1954 eam
853 1891 913 1972 jus·

233 1911 306 2030 sere.
321 1969 365 2030 Ex
383 1970 456 2052 aqud
468 1970 574 2033 caelesti
586 1975 696 2054 imponi
709 1974 844 2035 ormibus
855 1994 913 2034 cer·

234 2050 408 2121 vicisvitiis.
434 2050 598 2114 Oculorum
626 2074 745 2136 quoque
764 2055 912 2137 albugines

233 2129 332 2192 sanare
349 2130 528 2213 adalligatam
548 2136 734 2196 tradiderunt.
907 2175 909 2181 ,

276 2211 315 2272 X.
333 2232 363 2291 9.
377 2210 448 2273 Sunt
466 2217 517 2296 qui
537 2215 570 2276 δι
591 2236 700 2277 aranon
719 2217 842 2299 eryngio
860 2215 912 2275 ad⁴

235 2290 376 2364 scribant,
396 2291 537 2373 spinosam
554 2295 755 2379 brevemque,
773 2319 807 2357 ac
824 2297 911 2356 latam

236 2373 375 2445 herbam,
392 2372 533 2455 spinisque
550 2376 710 2437 latioribus.
721 2376 805 2437 Hanc
817 2378 911 2460 impo-

237 2458 341 2528 titam,
359 2452 524 2537 sanguinem
541 2458 612 2516 mire
636 2456 747 2519 sistere.

177 2581 180 2587 .
266 2534 332 2598 -ΧΙ,
353 2535 414 2596 Alii
433 2556 564 2676 eryngen
583 2537 657 2598 lalsb
677 2538 809 2599 eamdem
829 2552 914 2620 puta⁴

205 2669 207 2672 ,
237 2631 342 2676 verunt
359 2614 415 2676 effe
435 2619 469 2678 dt
488 2638 507 2699 g
517 2618 724 2698 ycyrrhizam,
760 2639 827 2679 uate
846 2617 912 2678 sub·

238 2691 399 2788 jungi'eam
415 2699 547 2777 protinus
558 2697 656 2759 refert.
667 2698 704 2759 Er
715 2639 775 2779 ipla
783 2701 844 2758 sine
855 2699 912 2758 dm

217 2771 290 2867 ¹luo
304 2852 309 2858 ἢ
321 2795 397 2839 mter
417 2778 559 2843 aculeatas
584 2777 646 2877 est,
663 2778 740 2842 foliis
760 2780 913 2860 echinatis,
