1967 3600
266 283 338 386 384
389 288 426 358 0.
449 285 868 357 innuuntur.

261 406 413 480 eandidius
429 402 487 477 est,
503 404 536 465 &
548 400 735 475 fruticosius,
756 403 834 464 alrius
847 407 923 484 pipa⁴¹

264 507 345 549 vere.
365 486 457 547 Tertii
472 484 569 544 semen
584 485 683 542 irionis
703 482 804 543 semini
825 485 921 546 simile:

263 569 300 630 &
319 570 416 627 omnia
436 563 571 624 insaniam
593 565 758 645 gignentia,
783 562 921 644 capitisque

264 650 341 710 verti
361 650 429 707 'nen
450 643 598 723 Quartum
618 664 710 724 genus
735 644 839 717 molle,
858 645 923 704 lanu·

260 729 333 809 giuo
346 746 414 798 um,
436 726 569 806 pinguius
592 725 715 795 ceteris,
730 724 839 785 candidi
851 723 923 783 semi·

265 809 325 878 nis,
344 808 375 865 in
394 806 542 864 maritimis
566 802 702 875 nasceus;
725 804 781 863 hoc
801 821 923 885 recepere

261 884 377 948 medici.
409 884 483 943 Item
509 882 563 943 rufi
579 880 702 943 seminis.
715 882 922 964 Nonnumquam

201 1035 204 1041 ¹
257 982 359 1028 autem
377 963 533 1024 candidum
551 961 685 1037 rufescit,
702 965 727 1022 si
746 985 802 1024 non
819 981 923 1023 emetu-

258 1046 342 1117 ruit,
360 1044 606 1125 improbaturque.
633 1043 670 1103 Et
690 1044 796 1125 alioqui
810 1043 923 1115 nullum,

260 1129 317 1187 nisi
325 1128 393 1186 clim
403 1126 521 1198 inaruit,
532 1125 645 1205 legitur.
654 1124 764 1185 Natura
772 1126 844 1197 vini,
854 1124 923 1183 ideo·

261 1215 324 1289 que
341 1222 470 1265 mentem
486 1220 628 1285 caputque
641 1202 787 1266 infestans.
805 1203 873 1265 Usus
887 1201 924 1264 se.-

264 1287 350 1365 minis
370 1286 402 1346 ὅ(
422 1304 474 1365 per
486 1283 533 1356 se,
547 1285 580 1344 δι
590 1281 675 1343 succo
687 1283 826 1365 exprello.
837 1284 923 1363 Erpr'n

263 1364 923 1447 mitursepararim,&caulibusfoliisquetunim

263 1463 311 1508 tur
325 1447 359 1507 dt
376 1444 490 1515 radice,
508 1445 660 1505 temerarii
676 1446 706 1503 in
727 1461 819 1505 totum
833 1443 923 1525 (utar

264 1523 374 1605 bitror)
387 1524 539 1584 medicini.
557 1522 678 1605 Quippe
689 1527 777 1585 etiam
787 1525 857 1586 foliis
865 1544 922 1584 ceu·

263 1604 318 1667 stat
345 1622 474 1666 ruentem
505 1608 669 1683 corrumpi,
698 1607 721 1664 si
739 1607 819 1687 plura
848 1605 923 1687 quim

286 1700 388 1748 uatuor
414 1685 556 1758 bibantur.
587 1683 682 1744 Etiam
704 1688 924 1768 antiquiinviuo

258 1707 379 1833 ,lebrem
404 1765 513 1846 depelli
541 1763 755 1828 arbitrabantur.
783 1767 819 1828 Et
839 1767 925 1827 oleum

263 1845 299 1923 fit
323 1867 360 1909 ert
384 1845 513 1921 semine,
532 1863 564 1906 ut
585 1847 729 1919 diximus,
749 1849 826 1930 qriod
843 1845 926 1928 ipsum

173 1938 175 1945 ’
261 1924 378 1987 auribus
389 1924 513 1987 infusum
527 1942 619 1988 tentat
634 1942 773 1990 mentem.
785 1928 926 2009 Mirkqne,

263 2020 296 2065 ut
311 2021 411 2064 contra
420 2025 585 2078 venenum,
598 2008 726 2067 remedia
735 2008 927 2088 prodidereh'u

265 2085 315 2165 qui
333 2084 363 2144 id
380 2083 533 2159 bibissent,
551 2085 695 2168 &ipsum
735 2111 769 2150 ro
787 2089 925 2150 remediis:

259 2165 342 2226 adeb
356 2165 437 2229 nullo
455 2168 554 2227 omnia
572 2110 742 2249 experiendi
760 2167 836 2244 fine,
849 2187 878 2230 ut
887 2189 930 2231 cei

262 2263 399 2330 gerentur
419 2247 505 2309 etiam
524 2267 636 2307 venena
657 2249 801 2329 prodeffe.

305 2324 416 2385 XVlll.
437 2345 463 2405 ς.
483 2326 660 2399 Linozostis,
676 2330 740 2389 sirie
752 2331 931 2410 parmenion,

263 2403 404 2467 Mercurii
415 2406 567 2468 inventum
586 2406 646 2468 est:
660 2409 730 2470 ideo
754 2411 829 2491 apud
852 2408 931 2471 Grae·

262 2507 316 2548 cos
329 2484 618 2569 Hermupoanmulti
636 2505 746 2549 vocant
762 2511 845 2564 eam,
861 2490 931 2573 apud

263 2586 319 2626 nos
338 2587 440 2627 omnes
459 2566 672 2628 Mercurialem.
693 2568 768 2632 Duo
778 2571 841 2651 ejus
855 2591 933 2653 gene·

228 2709 233 2719 ,
260 2667 312 2707 ra:
324 2646 464 2707 masculus
477 2691 489 2720 ,
507 2647 539 2707 δι
555 2646 680 2721 femina,
699 2671 766 2731 quae
777 2651 931 2725 efficacior,

261 2725 350 2796 paule,
361 2727 498 2802 cubitali,
517 2728 662 2788 interdum
675 2729 791 2795 ramoso
809 2735 840 2793 in
859 2753 933 2793 cacu-
971 2752 972 2769 i

258 2806 356 2885 ruine,
370 2807 705 2891 ,ocimoeugustioribus
731 2807 839 2891 foliis,
862 2814 937 2955 geni}

871 2914 887 2956 c
