1967 3600
229 209 298 279 reo
349 166 597 267 uratum
622 181 812 252 Nature.

418 479 861 516 “mmmm

270 541 553 580 ma?

324 670 587 777 LIBER
641 667 812 755 XXI.

253 838 380 906 Natura
405 835 527 932 florum
541 824 574 904 Θ
588 856 907 904 coronamentorum.

230 974 479 1111 l.1.Iuh0rtis
499 1039 554 1101 seri
574 1040 607 1102 &
627 1056 847 1101 coronamenta
883 1061 931 1100 us·

230 1123 269 1182 sir
290 1120 388 1199 Caro„
400 1121 581 1182 inenarrabili
596 1120 701 1181 florum
709 1118 848 1180 maxime
861 1063 929 1180 lul»

159 1194 165 1207 ’
231 1204 357 1283 tilitate:
378 1202 496 1284 quando·
515 1202 586 1263 nulli
604 1199 700 1283 potest
720 1200 839 1260 facilius
868 1198 927 1265 ess'e

171 1291 185 1327 Ι
231 1283 330 1364 loqui,
344 1281 431 1364 quam
445 1302 542 1344 rerum
562 1299 668 1342 naturae
688 1283 830 1364 pingere,
845 1280 929 1340 lasci-

232 1365 327 1439 vienti
338 1361 510 1445 praesertim,
528 1364 560 1424 δι
578 1364 607 1421 in
619 1382 725 1443 magno
736 1363 849 1444 gaudio
865 1361 926 1421 fer·

234 1444 342 1510 tilitatie
357 1461 415 1504 tam
434 1445 522 1523 variae
537 1442 659 1503 ludenti.
670 1441 795 1524 Quippe
809 1443 926 1523 reliqua

234 1523 304 1584 usis
328 1523 513 1605 alimentique
539 1523 628 1604 gratia
651 1525 771 1604 genuit:
787 1523 922 1604 ideoque

234 1602 336 1665 facula
360 1602 505 1686 annosque
535 1604 703 1664 triburiis:
724 1602 831 1664 Flores
848 1602 923 1664 verb

235 1681 396 1766 odoresque
405 1686 444 1744 ”in
455 1684 545 1747 diem
564 1684 673 1765 gignit:
689 1685 815 1766 magni,
825 1700 860 1743 ut
872 1702 923 1757 pa-

233 1763 293 1825 lam
303 1762 362 1839 est,
380 1762 577 1828 admonitione
592 1765 760 1838 hominum,
772 1783 843 1847 quae
855 1761 921 1845 spe·

236 1843 388 1905 (latissime
408 1845 547 1919 floreant,
563 1845 712 1906 celerrime
731 1843 922 1906 marceseere.

179 1934 183 1937 ’
236 1922 295 1985 Sed
316 1946 353 1986 ne
378 1924 486 2006 piuure
508 1927 625 2008 quidem
643 1924 801 1986 sufficiente
822 1924 921 2006 imagi·

235 2006 267 2064 ni
281 2004 412 2066 colorum
425 2006 597 2081 reddendae,
607 2008 857 2089 mixturarumque
867 2025 921 2076 va·

236 2087 355 2159 metati,
375 2087 437 2146 sive
455 2086 556 2148 alterni
576 2105 660 2168 atque
676 2086 858 2169 multiplices
876 2086 920 2144 iu·

236 2180 282 2227 ter
300 2164 328 2227 se
346 2165 511 2240 uellantur,
523 2171 585 2228 sive
595 2169 713 2248 privatis
724 2186 868 2249 generum
876 2163 919 2224 fu·

238 2245 339 2307 niculis
353 2248 383 2306 in
400 2248 522 2319 orbern,
535 2250 564 2308 in
582 2247 754 2330 obliquum,
775 2250 808 2308 in
830 2245 921 2307 ambi·

238 2326 458 2409 tum‚quaedam
469 2348 585 2389 coronae
594 2348 647 2409 per
661 2348 783 2390 coronas
792 2339 918 2389 currunt.

280 2404 319 2468 Π.
335 2429 362 2469 2.
381 2406 579 2469 Tenuioribus
608 2409 762 2470 utebantur
790 2406 918 2488 antiqui,

239 2486 374 2569 struppos
393 2490 587 2571 appellantes:
602 2489 679 2551 unde
695 2487 917 2571 natastrophio·

239 2566 276 2629 la.
299 2567 609 2647 Quin&v0cabulum
626 2567 718 2653 ipsum
737 2569 821 2631 tarde
838 2585 917 2630 com·

239 2650 416 2709 municatum
437 2649 495 2723 est,
513 2649 672 2712 intersacra
690 2651 802 2711 tantiim
814 2651 849 2713 &
861 2644 916 2709 bel·

239 2725 311 2791 litos
332 2730 457 2795 honores
477 2732 593 2796 coronis
617 2728 700 2793 suum
721 2750 834 2798 nomen
850 2728 913 2794 vin·
