1967 3600
203 246 632 321 Hannon.Lib.XX.
707 248 755 347 87

86 370 111 433 ἀ
125 367 243 453 gingivis
262 387 389 429 nocete:
404 366 438 428 &
451 367 481 426 in
494 368 627 452 AEgypto
637 388 757 454 propter

88 452 298 515 amaritudinem
319 469 377 509 non
397 446 482 510 estur.

94 530 251 592 ‘xxxvl
277 527 444 601 Silvestris,
463 531 526 590 sive
557 533 685 592 etraticae
707 532 760 592 im·

86 615 174 673 menso
192 613 258 695 plns
277 610 400 671 effesius
421 610 515 670 laudat
535 607 628 686 Cato,
644 613 719 673 adeo
730 630 765 673 ut

87 693 158 753 aride
169 712 291 774 quoque
311 690 433 751 farinam
452 693 483 750 in
503 690 652 754 olsaslorio
669 693 763 754 colle·

88 772 167 848 sam,
181 774 232 836 vel
261 772 361 833 odore
390 773 502 832 tantum
519 774 635 834 naribus
655 791 762 855 rapto,

86 854 145 914 titia
154 874 250 914 earum
262 851 552 937 graveolentiamque
562 854 659 915 sanare
672 853 763 915 adsit·

86 952 147 996 ner.
164 936 246 997 Hanc
268 933 318 994 alii
334 951 472 1016 petraeam
482 953 611 1010 vocant,
624 937 762 996 inimicis·

88 1017 174 1075 simam
191 1017 284 1086 vino,
304 1016 555 1098 quampraecipue
577 1015 685 1078 vitissu
706 1019 761 1079 iat:

89 1112 129 1156 aut
146 1099 239 1157 sinon
254 1098 354 1179 possit
371 1094 490 1177 fugere,
514 1098 662 1157 moriatur.
680 1037 766 1157 solia

89 1174 162 1237 habet
178 1199 254 1250 una,
276 1196 390 1259 parva,
408 1176 657 1251 rotunda‚laevia,
677 1179 763 1258 plan-

91 1256 120 1316 tis
131 1259 211 1318 oleris
223 1259 368 1329 similior,
387 1256 536 1316 candidior
545 1256 633 1316 sativi
644 1303 654 1332 ,
664 1257 693 1317 ὃ(
704 1258 764 1317 hir·

93 1333 173 1399 sutiot.
188 1339 272 1400 Hanc
292 1338 491 1399 inflationibus
501 1337 633 1409 mederi,
653 1337 766 1404 melan·

92 1416 352 1503 cholicisquoque,
365 1440 398 1479 ac
406 1416 579 1482 vulneribus
588 1418 767 1493 recentibus,

95 1516 150 1558 curn
156 1502 256 1574 melle,
269 1504 312 1561 ita
326 1520 363 1561 ne
376 1497 522 1559 solvantur
532 1515 599 1560 anre
611 1498 690 1559 diem
703 1497 769 1578 sep·

94 1579 198 1642 inum:
214 1581 353 1655 strumis,
373 1578 493 1655 fistulis,
511 1582 542 1638 in
560 1602 576 1640 a
597 1580 635 1639 ui
661 1580 769 1640 contri·

95 1672 159 1731 tam,
175 1660 364 1745 Chrysippus
386 1660 484 1721 auslor
505 1658 556 1721 est.
576 1602 613 1721 {t
630 1660 678 1721 alii
692 1662 768 1721 verb

96 1742 263 1825 compescere
285 1743 364 1806 mala
385 1740 518 1824 corporis
540 1762 605 1824 quae
629 1741 766 1823 serpant:

96 1841 183 1884 nomas
200 1842 324 1887 vocant.
340 1823 415 1885 Item
433 1820 626 1883 excrescentia
637 1822 769 1882 absume-

97 1921 131 1963 re.
152 1902 310 1967 Cicatrices
331 1903 505 1986 adplanum
529 1904 672 1986 redigere.
697 1901 769 1965 Oris

97 1982 767 2060 ulcera&tonsillas‚manducatam&cosiam,

98 2059 169 2126 succo
180 2069 358 2151 gargarizato
376 2085 443 2126 cum
459 2065 547 2125 melle
564 2066 680 2126 tollere.
692 2063 768 2125 Item

98 2141 198 2282 psoras,
210 2151 242 2212 &
256 2150 353 2231 lepras
364 2162 495 2219 veteres,
504 2147 594 2228 ipsius
605 2146 696 2206 tribus
706 2164 769 2226 par·

115 2245 142 2284 us
156 2247 219 2294 cum
239 2230 353 2292 duabus
369 2227 500 2290 aluminis
515 2230 545 2287 in
564 2243 648 2288 acero
668 2226 771 2288 acriil·

100 2303 157 2368 luis.
175 2308 363 2392 Epicharmus
381 2306 446 2369 satis
463 2306 518 2370 elle
534 2328 598 2368 eam
612 2324 714 2369 contra
724 2325 772 2364 ca·

98 2385 136 2444 nis
150 2390 253 2452 rabiosi
269 2389 396 2452 morsum
408 2390 449 2450 im
471 2390 531 2449 oni.
549 2388 657 2448 Melius
669 2388 694 2445 si
704 2403 772 2443 cum
791 2413 792 2416 ¹

103 2464 197 2542 lasere,
212 2474 244 2534 &
259 2487 343 2532 aceto
364 2471 432 2530 acri.
486 2469 562 2527 ecari
580 2484 699 2605 puroque
721 2483 772 2553 ca·

101 2563 145 2606 nes
162 2550 213 2624 ei,
233 2555 257 2612 si
275 2552 376 2624 detur,
404 2570 442 2610 ex
463 2565 560 2608 carne.
603 2563 690 2604 emen
709 2563 772 2621 ejus

101 2626 196 2691 tostum
208 2629 357 2694 auxiliatur
366 2646 466 2692 contra
479 2625 508 2687 se
544 2642 640 2698 entes,
649 2622 771 2706 sungos,

107 2711 168 2776 cauti
183 2710 359 2796 sanguinem.
379 2709 460 2790 Folia
481 2730 497 2768 c
586 2701 716 2848 splenicis
738 2706 769 2767 in

100 2785 160 2858 ἅ»
172 2787 256 2869 data,
275 2793 311 2856 &
323 2787 414 2854 'crudi
421 2789 491 2853 illita
507 2805 576 2850 cum
605 2785 724 2870 ulphure
735 2787 769 2851 δί
