1967 3600
235 243 440 314 Hrrron.
465 210 663 319 Lib,XXII.
715 266 780 318 221

111 358 236 435 coslum,
258 379 306 421 aut
329 381 395 421 cum
414 359 485 421 betl
508 361 541 422 &
566 362 654 422 lente.
675 359 788 424 Cortex

115 441 222 510 seminis
247 442 404 506 liventibus
429 441 564 502 colorem
581 440 684 502 reddit.
706 442 789 525 Magi

109 520 308 603 heliotropium
324 525 467 604 quartanis
485 540 603 603 quater,
615 523 645 581 in
659 524 788 584 tertianis

110 618 147 663 ter
163 604 273 685 alligari
296 600 397 680 jubent
415 602 451 661 ab
469 601 532 681 ipso
553 623 647 685 aegro,
660 604 788 685 precari·

109 702 157 762 que
177 704 263 758 eum,
280 680 439 743 soluturum
450 680 479 742 se
491 683 585 743 nodos
609 682 789 757 liberatum,

27 811 29 840 e
109 765 137 823 dt
155 765 193 824 ita
216 762 314 824 facere
329 784 389 824 non
402 764 539 845 ,exempti
552 763 652 824 herbi‘.
787 809 791 816 ,

27 913 28 926 χ
141 840 238 904 XXX.
257 844 349 912 Aliud
367 843 482 906 adianto
505 843 688 905 miraculum:
700 841 785 905 aesta·

26 931 28 978 ὲ
107 936 133 982 te
149 924 249 997 viret,
268 923 370 983 bruma
387 945 446 983 non
462 922 625 985 marcescit:
637 928 725 1007 aquas
736 945 785 986 rea

26 1079 28 1082 ι
108 999 189 1083 spuit,
198 1001 346 1086 perfusum
356 1001 518 1064 mersumve
530 1006 607 1064 sicco
618 1005 710 1066 simile
722 1003 779 1066 est:

26 1109 27 1122 ¹
108 1098 176 1144 tanta
203 1081 361 1144 dissociatio
388 1084 426 1144 de
445 1083 631 1151 rehendirur:
652 1085 730 1144 unde
747 1087 789 1148 δι

109 1182 209 1224 nomen
227 1186 245 1223 a
263 1106 627 1245 Graecisa'alloquisrutiti
647 1166 788 1245 topiario.-

109 1240 232 1321 Quidam
253 1244 433 1306 callitrichon
449 1261 576 1315 vocant,
594 1244 640 1303 alii
658 1244 783 1325 polytri-

26 1389 28 1404 ἶ
111 1325 197 1398 chon,
214 1343 371 1408 utrumque
386 1333 424 1385 ab
439 1322 560 1386 effellu.-
575 1321 696 1406 Tinguit
705 1326 783 1385 enirn

26 1425 27 1428 ¹
111 1407 234 1486 capillum
252 1426 269 1465 :-
282 1407 317 1470 ὃ(
335 1406 371 1465 ad
391 1405 448 1466 hoc
472 1404 644 1486 decoquitur
664 1404 693 1463 in
710 1405 782 1465 vino

109 1502 168 1560 cum
184 1485 291 1547 semine
317 1488 392 1568 apii,
410 1484 524 1567 adjeslo
548 1485 617 1545 oleo
640 1484 781 1564 copiose,

26 1567 27 1570 ’
112 1581 139 1623 ut
147 1566 267 1649 crispum
285 1565 462 1647 densumque
474 1564 576 1626 saciat:
590 1564 719 1626 defluere
730 1586 784 1624 au-

26 1649 28 1696 3
109 1657 164 1738 tem
180 1645 324 1728 prohibet.
350 1644 422 1706 Duo
448 1644 510 1725 ejus
534 1665 663 1728 genera:
680 1645 788 1705 candi·.

110 1719 182 1797 drus,
199 1729 232 1788 ὃ(
248 1729 277 1788 ni
298 1747 360 1787 rum
382 1725 566 1809 breviusque.
587 1724 621 1786 Id
632 1726 712 1807 quod
720 1746 781 1787 ma·

112 1800 153 1883 ius
170 1805 231 1884 est,
266 1747 451 1887 olytrichon:
467 1809 573 1889 aliqui,
586 1808 784 1869 trichomanes

26 1896 28 1959 ἒ
111 1904 215 1949 vocant.
271 1891 304 1961 tri
327 1909 363 1948 ue
386 1890 487 1949 ramuli
507 1889 590 1971 nigro
613 1889 789 1953 colore·ni··

110 1981 185 2042 tent,
201 1968 277 2030 soliis
294 1910 396 2029 filicis:
415 1990 451 2029 ex
471 1969 574 2051 quibus
590 1968 726 2035 inferiora
733 1967 781 2028 as·

26 2072 28 2107 ι
109 2065 170 2126 pera
187 2071 219 2110 ac
235 2048 313 2110 fusca
329 2048 411 2110 sunt:
429 2048 527 2111 omnia
550 2066 646 2115 autem
666 2064 780 2110 contra·

26 2132 27 2157 ³
109 2130 152 2188 riis
169 2130 307 2210 pediculis
339 2128 426 2190 densa
443 2130 517 2190 inter
535 2127 564 2189 se
585 2150 621 2190 ex
638 2127 780 2191 adverso:

26 2236 27 2239 ¹
108 2209 181 2269 radix
197 2211 285 2271 nulla.
313 2208 471 2271 Umbrosas
496 2226 609 2292 petras,
625 2211 781 2290 parietum·

26 2314 27 2349 f
109 2309 160 2371 que
175 2288 353 2372 aspergines,
373 2311 405 2351 ac
425 2289 548 2352 sontium
570 2292 694 2351 maxime
710 2289 780 2368 spe·

26 2354 28 2427 l
108 2389 153 2428 tus
171 2369 310 2452 sequitur:
329 2371 363 2432 &
382 2370 444 2432 saxa
462 2373 621 2442 manantia,
653 2368 714 2428 uod
727 2365 783 2424 mi·

26 2490 28 2517 ἶ
108 2469 210 2526 remur,
227 2453 294 2512 cium
316 2471 402 2532 aquas
423 2471 483 2510 non
507 2447 616 2509 sentiat.
670 2445 781 2505 alculos

109 2549 255 2613 ecorpore
275 2531 347 2591 mire
365 2530 465 2612 pellit,
480 2526 664 2608 frangitque,
678 2527 779 2606 utique
795 2594 797 2597 ¹

111 2611 224 2692 nigrum.
246 2610 320 2692 Qui
337 2612 373 2670 de
388 2609 473 2670 causi
490 2609 588 2689 potius
601 2606 686 2747 quim
697 2604 779 2687 quod

109 2688 217 2769 insanis
246 2689 424 2765 nasceretur,
440 2712 457 2749 a
475 2686 579 2751 nostris
619 2684 788 2770 arifragum

106 2774 273 2857 appellatum
299 2771 483 2836 crediderim.
519 2767 667 2912 mildi-⁹
682 2771 789 2861 vino„

626 2871 656 2933 ll]
