1967 3600
186 296 514 375 'Hrsrornhih
532 298 648 375 XXV.
696 321 768 404 413·

138 415 296 480 LXXVIII.
325 416 499 480 Peristereos
524 436 664 499 vocatur,
688 426 770 486 caule

91 496 171 573 alto,
186 498 303 572 foliato,
315 501 462 560 cacumine
484 502 514 559 in
531 500 601 562 alios
624 503 719 564 caules
739 504 769 566 sc

105 575 246 661 spargens,
263 578 406 640 columbis
425 579 584 641 admodum
601 579 768 657 familiaris,

98 659 168 720 unde
178 661 338 723 &nomem
356 658 439 720 Hanc
450 660 588 724 habentes
604 678 712 745 negant
721 663 767 723 la·

99 740 158 798 ttari
177 761 193 799 a
213 739 338 816 canibus.
383 771 386 778 ⁴
438 765 441 770 ·
746 801 751 808 ⁴

131 817 263 879 LXXIX.
281 815 413 891 Proxima
422 818 465 879 his
473 817 556 882 malis
563 839 676 884 venena
683 819 764 899 suut,

94 917 153 978 quae
170 899 341 980 sibimetipsi
360 899 494 961 homines
507 905 678 986 excogitant.
685 901 765 965 Con·

95 992 134 1037 rra
148 977 207 1040 haec
222 981 321 1039 omnia
339 978 518 1060 magicasque
543 1000 617 1043 artes
636 986 690 1045 etit
727 987 766 1044 tl·

93 1076 168 1118 mum
192 1059 265 1119 illud
287 1058 477 1119 Homericum
491 1061 596 1142 moly,
618 1063 685 1123 dein
740 1065 765 1111 ’-

92 1135 447 1214 thridation,&stordotis
455 1141 506 1213 ,δι
515 1143 702 1203 centaurium.
710 1141 764 1204 Po·

92 1232 123 1276 tu
133 1220 229 1280 omnIa
246 1218 320 1279 mala
331 1218 541 1279 medicamenta
557 1223 644 1302 exigit
659 1242 711 1302 per
722 1224 764 1284 al·

90 1315 158 1358 vum
176 1298 340 1372 Vettonicae
358 1297 455 1358 semen
475 1301 506 1358 in
525 1299 616 1360 mulso
637 1317 685 1360 aut
703 1301 764 1382 pas·

88 1374 142 1450 so,
163 1378 213 1438 vel
236 1377 332 1439 farinae
352 1378 489 1439 drachma
513 1381 542 1439 in
563 1381 624 1439 vini
653 1383 763 1443 veteris

88 1458 200 1538 cyathis
217 1476 264 1519 rv.
283 1458 415 1519 Vomere'
438 1460 583 1543 cogendi,
599 1478 684 1543 atque
703 1462 764 1521 ite·

87 1556 149 1606 turn
166 1537 277 1599 bibere.
298 1536 336 1599 Iis
355 1542 404 1620 qui
417 1541 547 1621 quotidie
557 1539 669 1623 gustent
677 1549 741 1603 eam
750 1585 763 1614 ,

84 1618 162 1679 nulla
176 1620 306 1680 nocitura
325 1620 400 1678 mala
417 1621 626 1681 medicamenta
636 1621 761 1682 tradunt.

85 1695 158 1759 Poto
171 1718 288 1759 veneno
309 1696 487 1758 aristolochia
505 1699 637 1761 subvenit
656 1701 761 1762 eidem

11 1773 13 1841 l
84 1777 231 1851 mensura,
252 1780 309 1861 qui
323 1794 424 1840 contra
442 1777 606 1862 serpentes:
622 1783 761 1864 quinque·

83 1858 145 1920 solii
159 1858 275 1920 succus:
289 1862 448 1940 agaricum,
468 1859 620 1943 postquam
639 1882 761 1924 vomue-

81 1941 158 2011 n‘nt,
178 1939 287 1999 denarii
305 1940 434 2021 pondere
446 1960 482 2002 ex
493 1963 576 2026 aquae
584 1941 762 2026 mulsaecya·

80 2020 136 2081 this
149 2019 261 2093 ¹tribus.
597 2033 601 2041 ·

116 2098 243 2162 LXXX.
262 2098 451 2161 Antirrhinon
460 2120 596 2173 vocatur,
609 2105 759 2164 siveanar·

78 2181 201 2256 rhiuon,
213 2182 276 2241 sive
287 2178 400 2261 lychnis
418 2183 508 2263 agria,
519 2182 617 2241 similis
629 2183 706 2253 lino,
716 2196 761 2243 ta·

77 2262 144 2323 dice
168 2258 265 2333 nulla,
281 2259 354 2320 flore
375 2260 542 2341 hyacinthi,
558 2259 665 2320 semine
684 2263 762 2322 vitu·

77 2342 241 2403 linarium.
261 2338 299 2400 Et
317 2340 373 2401 hoc
414 2339 545 2402 erunslos
576 2338 759 2402 venustiores

76 2419 163 2497 fieti,
181 2438 237 2481 nec
255 2419 316 2480 ullo
344 2363 422 2481 maiis
449 2422 663 2481 medicamento
692 2419 761 2479 laedi

114 2501 161 2564 sse
180 2516 230 2560 aut
251 2518 388 2576 veneno,
402 2501 426 2559 si
443 2505 508 2582 quis
516 2502 550 2560 in
562 2498 698 2562 brachiali
713 2499 762 2560 ha·

72 2522 166 2654 Igne,
183 2580 352 2641 arbitrantur
366 2581 451 2662 magi.

113 2658 257 2724 LXXXI.
266 2659 401 2721 Similiter
411 2681 463 2732 ea,
474 2678 560 2740 quam
567 2657 693 2741 eupliam
705 2679 757 2719 vo·

73 2755 161 2814 cant,
171 2740 343 2823 traduntque
356 2741 391 2801 eh
401 2739 553 2822 perunslos
565 2739 759 2801 commenda·

72 2823 162 2886 timis
183 2817 241 2885 elle
258 2819 351 2884 samar.
373 2819 559 2884 Artemisiam
578 2840 696 2984 Ἑιῧφιε
712 2821 758 2888 se-
