1967 3600
39 36 41 99 r

39 106 41 195 Ι

238 237 639 314 Hrsrort.Lib.XlL
711 242 754 316 61

84 400 90 407 -
117 356 154 420 11.
167 379 193 419 1.
207 355 366 420 Cueumim
379 355 541 419 silvestrem
554 358 610 421 elle
621 361 758 434 diximus,

84 442 171 500 molrb
189 439 264 501 infra
280 438 509 521 magnitudinem
520 438 609 501 sativi.
622 437 667 499 Et
679 462 715 502 eo
725 441 759 503 stt

83 520 343 591 medicamentum,
383 519 442 579 uod
453 536 574 579 vocatur
591 521 759 595 elaterium,

83 596 161 660 succo
177 598 312 682 expresso
329 619 346 659 e
362 540 479 660 lemine.
503 598 595 679 Cujus
617 601 704 662 causi
716 604 761 662 ni·

84 679 106 741 ri
125 684 265 743 maturius
275 680 436 751 incidatur,
453 677 550 741 semen
560 681 672 754 exsilit,
688 703 761 743 ocu«

83 758 172 820 lorum
190 764 280 822 etiarn
297 760 439 841 periculo.
455 758 590 822 Servatur
600 778 695 822 autem
706 762 758 823 de·

83 857 192 921 temtus
210 843 269 903 uni
287 839 395 902 nolle:
418 838 535 922 postero
559 842 607 903 die
621 843 755 903 inciditur

83 922 228 983 arurdine.
247 921 355 985 Semen
372 940 489 1002 quoque
506 923 600 983 cinere
616 920 755 1003 consper-

84 1001 169 1081 gitur,
188 1002 224 1064 ad
241 1002 434 1064 coercendam
449 1001 523 1062 succi
534 1002 752 1066 abundantiam:

85 1084 131 1161 qui
147 1083 292 1164 exprellus
309 1081 456 1163 suscipitur
474 1083 548 1162 aqud
566 1081 672 1146 caelesti
684 1129 694 1158 ,
708 1100 753 1144 at·

85 1181 138 1301 gut
160 1163 298 1226 subsidit:
313 1162 420 1225 deinde
439 1160 508 1222 Sole
530 1166 641 1245 cogitur
658 1165 688 1224 in
702 1185 756 1304 ga·

111 1242 185 1319 llos,
201 1246 236 1305 ad
255 1264 375 1326 magnos
395 1244 561 1304 mortalium
583 1241 659 1305 usus.
672 1242 703 1305 Ο
725 1242 754 1304 s·

89 1324 211 1386 caritates
229 1327 262 1387 δι
279 1327 351 1387 viria
368 1323 522 1385 oculorum
542 1321 642 1396 sanat,
663 1343 757 1404 gena-

87 1422 200 1486 rumque
214 1406 320 1468 ulcera.
341 1402 475 1465 Tradunt
493 1403 550 1464 hoc
568 1401 654 1464 succo
675 1401 774 1464 tablis·

88 1484 216 1547 radicibus
232 1488 352 1558 vitium,
370 1506 430 1546 non
442 1485 542 1564 attingi
559 1505 631 1546 uvas
645 1483 682 1543 ab
699 1485 756 1544 avi·
788 1546 790 1549 ,

89 1562 153 1627 bus..
168 1567 257 1628 Radix
273 1582 371 1629 autem
384 1587 421 1626 ex
434 1581 517 1625 aceto
531 1564 610 1626 cocta
620 1563 757 1647 podagris

89 1641 215 1720 illinitur,
229 1647 373 1728 succoque
388 1646 517 1707 dentium
539 1644 633 1707 dolori
652 1645 754 1707 mede·

90 1739 141 1785 tur.
153 1728 236 1789 Arida
254 1748 321 1788 cum
340 1727 433 1787 resina
446 1727 643 1810 impetiginem
654 1728 686 1788 ὅ(
696 1724 754 1786 sca·

89 1805 172 1883 biem,
186 1832 248 1892 quae
268 1808 383 1891 psoram
393 1810 424 1870 &
436 1807 561 1868 lichenas
572 1825 694 1880 vocant,
706 1829 753 1888 pa·

90 1889 185 1949 rotidas
200 1893 232 1952 dt
267 1910 340 1950 anos
350 1889 447 1961 sanat,
464 1889 497 1950 δι
513 1887 688 1949 cicatricibus
701 1909 751 1950 co·

92 1965 171 2029 iorem
187 1912 290 2032 reddit.
311 1969 348 2031 Et
365 1967 502 2030 foliorum
524 1969 620 2030 succus
636 1967 750 2029 auribus

91 2044 167 2110 surdis
183 2072 247 2112 cunr
262 2067 347 2113 aceto
363 2048 523 2110 instillatur.

124 2128 168 2191 lll.
186 2131 310 2194 Elaterio
329 2127 516 2213 tempestivus
534 2129 574 2191 esl
594 2145 749 2191 autumno:

91 2227 137 2269 nec
148 2212 232 2273 ullum
251 2233 288 2273 ex
303 2212 522 2272 medicamentis
540 2211 669 2293 longiore
682 2230 750 2270 aevo

92 2288 168 2353 durat.
185 2291 294 2374 Incipit,
304 2314 322 2351 a
337 2294 462 2353 trimatu.
482 2289 512 2351 Si
529 2293 593 2373 quis
609 2292 750 2351 recentio-

91 2388 116 2429 re
133 2374 170 2434 uti
185 2374 255 2436 velit
267 2418 283 2447 „
294 2370 421 2455 pastillos
441 2374 470 2434 in
492 2393 572 2433 noro
588 2370 666 2430 finili
683 2371 753 2446 igne

90 2448 159 2512 lento
176 2456 203 2514 in
221 2470 305 2514 aceto
327 2453 438 2514 domet.
457 2446 586 2520 Melius,
609 2449 668 2540 quo
695 2464 759 2505 ve-·

91 2529 174 2593 tustiru
185 2534 264 2595 afuit
306 2553 323 2593 e
339 2531 399 2613 jam
419 2529 549 2591 ducentis
564 2545 645 2585 antus
659 2522 759 2585 serva-·

93 2623 159 2686 turn,
176 2631 205 2675 ur
227 2636 264 2674 au
291 2633 326 2674 or
344 2611 386 2674 est
404 2602 684 2688 Theophrastusssst
703 2604 750 2664 us·

87 2705 136 2767 mre
152 2694 186 2753 ad
199 2694 468 2776 quinquagesimum
478 2690 659 2751 lucernarum
667 2684 759 2747 lumi·-

88 2776 281 2858 natatinguit.
300 2772 468 2848 Hoc-enim,
486 2772 550 2835 ueri
568 2765 749 2851 experimen-
