<?xml version="1.0" encoding="UTF-8"?>
<!DOCTYPE html PUBLIC "-//W3C//DTD XHTML 1.0 Transitional//EN"
    "http://www.w3.org/TR/xhtml1/DTD/xhtml1-transitional.dtd">
<html xmlns="http://www.w3.org/1999/xhtml" xml:lang="en" lang="en">
 <head>
  <title>
</title>
<meta http-equiv="Content-Type" content="text/html;charset=utf-8" />
  <meta name='ocr-system' content='tesseract 3.04.00' />
  <meta name='ocr-capabilities' content='ocr_page ocr_carea ocr_par ocr_line ocrx_word'/>
</head>
<body>
  <div class='ocr_page' id='page_1' title='image "./caiipliniisecun00unkngoog_0094.png"; bbox 0 0 1967 3600; ppageno 0'>
   <div class='ocr_carea' id='block_1_1' title="bbox 206 248 765 355">
    <p class='ocr_par' dir='ltr' id='par_1_1' title="bbox 206 248 765 355">
     <span class='ocr_line' id='line_1_1' title="bbox 206 248 765 355; baseline -0.02 -22"><span class='ocrx_word' id='word_1_1' title='bbox 206 255 255 355; x_wconf 74' lang='lat'>84</span> <span class='ocrx_word' id='word_1_2' title='bbox 305 257 342 328; x_wconf 85' lang='lat' dir='ltr'>C.</span> <span class='ocrx_word' id='word_1_3' title='bbox 370 255 551 351; x_wconf 62' lang='lat' dir='ltr'>Partiri</span> <span class='ocrx_word' id='word_1_4' title='bbox 570 248 765 326; x_wconf 65' lang='lat' dir='ltr'>Naana,</span> 
     </span>
    </p>
   </div>
   <div class='ocr_carea' id='block_1_2' title="bbox 161 371 915 2864">
    <p class='ocr_par' dir='ltr' id='par_1_2' title="bbox 161 371 915 2864">
     <span class='ocr_line' id='line_1_2' title="bbox 203 371 906 448; baseline -0.001 -12"><span class='ocrx_word' id='word_1_5' title='bbox 203 376 321 448; x_wconf 81' lang='lat' dir='ltr'>culariis</span> <span class='ocrx_word' id='word_1_6' title='bbox 338 375 495 437; x_wconf 80' lang='lat' dir='ltr'>illinitum</span> <span class='ocrx_word' id='word_1_7' title='bbox 512 390 601 443; x_wconf 81' lang='lat' dir='ltr'>rutae,</span> <span class='ocrx_word' id='word_1_8' title='bbox 615 372 757 434; x_wconf 78' lang='lat' dir='ltr'>coriandri</span> <span class='ocrx_word' id='word_1_9' title='bbox 769 371 829 446; x_wconf 60' lang='grc' dir='ltr'>,ἃ</span> <span class='ocrx_word' id='word_1_10' title='bbox 853 373 906 435; x_wconf 62' lang='lat' dir='ltr'>st·</span> 
     </span>
     <span class='ocr_line' id='line_1_3' title="bbox 204 453 905 535; baseline -0.003 -18"><span class='ocrx_word' id='word_1_11' title='bbox 204 457 238 517; x_wconf 87' lang='lat' dir='ltr'>lis</span> <span class='ocrx_word' id='word_1_12' title='bbox 257 457 353 529; x_wconf 76' lang='lat' dir='ltr'>mici,</span> <span class='ocrx_word' id='word_1_13' title='bbox 371 455 472 517; x_wconf 85' lang='lat' dir='ltr'>hordei</span> <span class='ocrx_word' id='word_1_14' title='bbox 483 453 681 535; x_wconf 71' lang='lat' dir='ltr'>farini.·Aquai</span> <span class='ocrx_word' id='word_1_15' title='bbox 691 474 810 534; x_wconf 90' lang='lat' dir='ltr'>quoque</span> <span class='ocrx_word' id='word_1_16' title='bbox 825 454 905 533; x_wconf 84' lang='lat' dir='ltr'>ejus</span> 
     </span>
     <span class='ocr_line' id='line_1_4' title="bbox 204 532 905 615; baseline -0.001 -17"><span class='ocrx_word' id='word_1_17' title='bbox 204 536 342 615; x_wconf 68' lang='lat' dir='ltr'>decpcli,</span> <span class='ocrx_word' id='word_1_18' title='bbox 357 556 463 597; x_wconf 85' lang='lat' dir='ltr'>nervos</span> <span class='ocrx_word' id='word_1_19' title='bbox 482 533 671 615; x_wconf 82' lang='lat' dir='ltr'>articulosque</span> <span class='ocrx_word' id='word_1_20' title='bbox 692 534 764 595; x_wconf 71' lang='lat' dir='ltr'>mire</span> <span class='ocrx_word' id='word_1_21' title='bbox 780 532 905 613; x_wconf 78' lang='lat' dir='ltr'>juvari.</span> 
     </span>
     <span class='ocr_line' id='line_1_5' title="bbox 203 614 902 687; baseline 0 -10"><span class='ocrx_word' id='word_1_22' title='bbox 203 615 235 677; x_wconf 85' lang='lat' dir='ltr'>Si</span> <span class='ocrx_word' id='word_1_23' title='bbox 250 615 402 679; x_wconf 85' lang='lat' dir='ltr'>foveantur</span> <span class='ocrx_word' id='word_1_24' title='bbox 423 614 561 687; x_wconf 81' lang='lat' dir='ltr'>vulnera,</span> <span class='ocrx_word' id='word_1_25' title='bbox 582 615 614 675; x_wconf 73' lang='grc' dir='ltr'>δι</span> <span class='ocrx_word' id='word_1_26' title='bbox 635 615 815 675; x_wconf 89' lang='lat' dir='ltr'>recentia&amp;</span> <span class='ocrx_word' id='word_1_27' title='bbox 834 637 902 677; x_wconf 83' lang='lat' dir='ltr'>ve-</span> 
     </span>
     <span class='ocr_line' id='line_1_6' title="bbox 204 694 901 777; baseline -0.001 -20"><span class='ocrx_word' id='word_1_28' title='bbox 204 715 287 771; x_wconf 85' lang='lat' dir='ltr'>tera,</span> <span class='ocrx_word' id='word_1_29' title='bbox 301 698 390 757; x_wconf 84' lang='lat' dir='ltr'>etiem</span> <span class='ocrx_word' id='word_1_30' title='bbox 405 695 615 764; x_wconf 79' lang='lat' dir='ltr'>carcinomata,</span> <span class='ocrx_word' id='word_1_31' title='bbox 632 717 697 777; x_wconf 82' lang='lat' dir='ltr'>quse</span> <span class='ocrx_word' id='word_1_32' title='bbox 716 694 802 755; x_wconf 83' lang='lat' dir='ltr'>nullis</span> <span class='ocrx_word' id='word_1_33' title='bbox 824 697 901 756; x_wconf 76' lang='lat' dir='ltr'>aliis</span> 
     </span>
     <span class='ocr_line' id='line_1_7' title="bbox 204 773 899 857; baseline 0.001 -21"><span class='ocrx_word' id='word_1_34' title='bbox 204 777 419 847; x_wconf 74' lang='lat' dir='ltr'>medicamentis</span> <span class='ocrx_word' id='word_1_35' title='bbox 440 773 530 837; x_wconf 87' lang='lat' dir='ltr'>sanari</span> <span class='ocrx_word' id='word_1_36' title='bbox 547 779 667 857; x_wconf 84' lang='lat' dir='ltr'>possint.</span> <span class='ocrx_word' id='word_1_37' title='bbox 682 774 789 837; x_wconf 86' lang='lat' dir='ltr'>Foveri</span> <span class='ocrx_word' id='word_1_38' title='bbox 804 779 899 857; x_wconf 80' lang='lat' dir='ltr'>priirs</span> 
     </span>
     <span class='ocr_line' id='line_1_8' title="bbox 203 853 905 937; baseline 0.003 -20"><span class='ocrx_word' id='word_1_39' title='bbox 203 857 277 937; x_wconf 77' lang='lat' dir='ltr'>aquai</span> <span class='ocrx_word' id='word_1_40' title='bbox 297 856 388 917; x_wconf 73' lang='lat' dir='ltr'>calidi</span> <span class='ocrx_word' id='word_1_41' title='bbox 404 853 502 935; x_wconf 84' lang='lat' dir='ltr'>jubet,</span> <span class='ocrx_word' id='word_1_42' title='bbox 518 878 552 916; x_wconf 88' lang='lat' dir='ltr'>ac</span> <span class='ocrx_word' id='word_1_43' title='bbox 572 856 618 915; x_wconf 80' lang='lat' dir='ltr'>bis</span> <span class='ocrx_word' id='word_1_44' title='bbox 640 856 687 915; x_wconf 86' lang='lat' dir='ltr'>die</span> <span class='ocrx_word' id='word_1_45' title='bbox 708 857 806 916; x_wconf 81' lang='lat' dir='ltr'>tritam</span> <span class='ocrx_word' id='word_1_46' title='bbox 830 861 905 919; x_wconf 71' lang='lat' dir='ltr'>irn-v</span> 
     </span>
     <span class='ocr_line' id='line_1_9' title="bbox 202 934 898 1018; baseline 0.004 -23"><span class='ocrx_word' id='word_1_47' title='bbox 202 935 348 1018; x_wconf 78' lang='lat' dir='ltr'>poni.&#39;Sic</span> <span class='ocrx_word' id='word_1_48' title='bbox 364 938 451 997; x_wconf 86' lang='lat' dir='ltr'>etiam</span> <span class='ocrx_word' id='word_1_49' title='bbox 471 934 599 1009; x_wconf 87' lang='lat' dir='ltr'>fistulas,</span> <span class='ocrx_word' id='word_1_50' title='bbox 614 936 645 995; x_wconf 71' lang='grc' dir='ltr'>ὃ(</span> <span class='ocrx_word' id='word_1_51' title='bbox 669 936 898 1007; x_wconf 78' lang='lat' dir='ltr'>luxata‚&amp;lur-</span> 
     </span>
     <span class='ocr_line' id='line_1_10' title="bbox 202 1015 896 1098; baseline 0 -19"><span class='ocrx_word' id='word_1_52' title='bbox 202 1019 496 1098; x_wconf 82' lang='lat' dir='ltr'>moresevocari,qu</span> <span class='ocrx_word' id='word_1_53' title='bbox 563 1015 689 1077; x_wconf 85' lang='lat' dir='ltr'>ediseuti</span> <span class='ocrx_word' id='word_1_54' title='bbox 699 1037 773 1096; x_wconf 89' lang='lat' dir='ltr'>opus</span> <span class='ocrx_word' id='word_1_55' title='bbox 783 1018 831 1078; x_wconf 87' lang='lat' dir='ltr'>sit.</span> <span class='ocrx_word' id='word_1_56' title='bbox 843 1017 896 1079; x_wconf 91' lang='lat' dir='ltr'>In·</span> 
     </span>
     <span class='ocr_line' id='line_1_11' title="bbox 201 1095 895 1179; baseline 0 -21"><span class='ocrx_word' id='word_1_57' title='bbox 201 1095 421 1172; x_wconf 84' lang='lat' dir='ltr'>somniaetiam,</span> <span class='ocrx_word' id='word_1_58' title='bbox 433 1097 512 1179; x_wconf 82' lang='lat' dir='ltr'>vigili</span> <span class='ocrx_word' id='word_1_59' title='bbox 541 1096 895 1178; x_wconf 58' lang='lat' dir='ltr'>quetolleredecodiarn,</span> 
     </span>
     <span class='ocr_line' id='line_1_12' title="bbox 196 1175 893 1258; baseline 0 -18"><span class='ocrx_word' id='word_1_60' title='bbox 196 1180 227 1240; x_wconf 76' lang='lat' dir='ltr'>si</span> <span class='ocrx_word' id='word_1_61' title='bbox 247 1175 337 1256; x_wconf 76' lang='lat' dir='ltr'>jejuni</span> <span class='ocrx_word' id='word_1_62' title='bbox 349 1179 434 1239; x_wconf 87' lang='lat' dir='ltr'>edant</span> <span class='ocrx_word' id='word_1_63' title='bbox 448 1178 688 1258; x_wconf 82' lang='lat' dir='ltr'>quamplurimam</span> <span class='ocrx_word' id='word_1_64' title='bbox 699 1197 736 1238; x_wconf 83' lang='lat' dir='ltr'>ex</span> <span class='ocrx_word' id='word_1_65' title='bbox 748 1178 837 1251; x_wconf 87' lang='lat' dir='ltr'>oleo,</span> <span class='ocrx_word' id='word_1_66' title='bbox 854 1181 893 1240; x_wconf 73' lang='grc' dir='ltr'>δι</span> 
     </span>
     <span class='ocr_line' id='line_1_13' title="bbox 201 1255 893 1341; baseline 0.003 -24"><span class='ocrx_word' id='word_1_67' title='bbox 201 1255 267 1320; x_wconf 81' lang='lat' dir='ltr'>sale.</span> <span class='ocrx_word' id='word_1_68' title='bbox 278 1258 435 1327; x_wconf 82' lang='lat' dir='ltr'>Tormina,</span> <span class='ocrx_word' id='word_1_69' title='bbox 449 1261 473 1318; x_wconf 89' lang='lat' dir='ltr'>si</span> <span class='ocrx_word' id='word_1_70' title='bbox 482 1256 600 1336; x_wconf 67' lang='lat' dir='ltr'>decocla</span> <span class='ocrx_word' id='word_1_71' title='bbox 617 1260 723 1318; x_wconf 83' lang='lat' dir='ltr'>iterum</span> <span class='ocrx_word' id='word_1_72' title='bbox 734 1258 893 1341; x_wconf 89' lang='lat' dir='ltr'>decoqua-</span> 
     </span>
     <span class='ocr_line' id='line_1_14' title="bbox 201 1338 891 1419; baseline 0.006 -22"><span class='ocrx_word' id='word_1_73' title='bbox 201 1354 263 1411; x_wconf 85' lang='lat' dir='ltr'>tur,</span> <span class='ocrx_word' id='word_1_74' title='bbox 283 1340 383 1400; x_wconf 84' lang='lat' dir='ltr'>addito</span> <span class='ocrx_word' id='word_1_75' title='bbox 401 1339 490 1413; x_wconf 89' lang='lat' dir='ltr'>oleo,</span> <span class='ocrx_word' id='word_1_76' title='bbox 511 1338 584 1411; x_wconf 83' lang='lat' dir='ltr'>sale,</span> <span class='ocrx_word' id='word_1_77' title='bbox 600 1340 734 1410; x_wconf 88' lang='lat' dir='ltr'>cumino,</span> <span class='ocrx_word' id='word_1_78' title='bbox 752 1339 891 1419; x_wconf 63' lang='lat' dir='ltr'>polenii.</span> 
     </span>
     <span class='ocr_line' id='line_1_15' title="bbox 196 1417 890 1500; baseline 0.003 -21"><span class='ocrx_word' id='word_1_79' title='bbox 196 1417 235 1479; x_wconf 32' lang='lat' dir='ltr'>,St</span> <span class='ocrx_word' id='word_1_80' title='bbox 247 1422 286 1480; x_wconf 86' lang='lat' dir='ltr'>ita</span> <span class='ocrx_word' id='word_1_81' title='bbox 299 1419 433 1483; x_wconf 81' lang='lat' dir='ltr'>&#39;sumatur</span> <span class='ocrx_word' id='word_1_82' title='bbox 452 1422 513 1480; x_wconf 88' lang='lat' dir='ltr'>sine</span> <span class='ocrx_word' id='word_1_83' title='bbox 530 1439 623 1498; x_wconf 87' lang='lat' dir='ltr'>pane,</span> <span class='ocrx_word' id='word_1_84' title='bbox 640 1420 729 1500; x_wconf 88' lang='lat' dir='ltr'>magis</span> <span class='ocrx_word' id='word_1_85' title='bbox 746 1419 890 1500; x_wconf 79' lang='lat' dir='ltr'>profutu-</span> 
     </span>
     <span class='ocr_line' id='line_1_16' title="bbox 199 1498 890 1581; baseline 0.004 -22"><span class='ocrx_word' id='word_1_86' title='bbox 199 1520 273 1565; x_wconf 78' lang='lat' dir='ltr'>ram.</span> <span class='ocrx_word' id='word_1_87' title='bbox 294 1499 371 1560; x_wconf 86' lang='lat' dir='ltr'>Inter</span> <span class='ocrx_word' id='word_1_88' title='bbox 392 1499 502 1579; x_wconf 84' lang='lat' dir='ltr'>reliqua</span> <span class='ocrx_word' id='word_1_89' title='bbox 518 1498 608 1558; x_wconf 84' lang='lat' dir='ltr'>bilem</span> <span class='ocrx_word' id='word_1_90' title='bbox 633 1499 743 1559; x_wconf 89' lang='lat' dir='ltr'>detrahi</span> <span class='ocrx_word' id='word_1_91' title='bbox 759 1520 813 1581; x_wconf 88' lang='lat' dir='ltr'>per</span> <span class='ocrx_word' id='word_1_92' title='bbox 833 1504 890 1562; x_wconf 86' lang='lat' dir='ltr'>vi·</span> 
     </span>
     <span class='ocr_line' id='line_1_17' title="bbox 200 1577 887 1662; baseline 0.004 -23"><span class='ocrx_word' id='word_1_93' title='bbox 200 1601 272 1650; x_wconf 82' lang='lat' dir='ltr'>num</span> <span class='ocrx_word' id='word_1_94' title='bbox 289 1583 400 1662; x_wconf 82' lang='lat' dir='ltr'>nigrum</span> <span class='ocrx_word' id='word_1_95' title='bbox 419 1579 498 1660; x_wconf 78' lang='lat' dir='ltr'>poti.</span> <span class='ocrx_word' id='word_1_96' title='bbox 527 1577 610 1657; x_wconf 88' lang='lat' dir='ltr'>Quin</span> <span class='ocrx_word' id='word_1_97' title='bbox 630 1580 664 1640; x_wconf 75' lang='grc' dir='ltr'>δι</span> <span class='ocrx_word' id='word_1_98' title='bbox 685 1582 796 1640; x_wconf 87' lang='lat' dir='ltr'>urinam</span> <span class='ocrx_word' id='word_1_99' title='bbox 817 1580 887 1660; x_wconf 85' lang='lat' dir='ltr'>ejus</span> 
     </span>
     <span class='ocr_line' id='line_1_18' title="bbox 223 1659 891 1734; baseline -0.001 -11"><span class='ocrx_word' id='word_1_100' title='bbox 223 1664 252 1723; x_wconf 88' lang='lat' dir='ltr'>ui</span> <span class='ocrx_word' id='word_1_101' title='bbox 266 1660 420 1720; x_wconf 85' lang='lat' dir='ltr'>brassicam</span> <span class='ocrx_word' id='word_1_102' title='bbox 435 1662 598 1732; x_wconf 87' lang='lat' dir='ltr'>esitaverit,</span> <span class='ocrx_word' id='word_1_103' title='bbox 610 1659 769 1734; x_wconf 85' lang='lat' dir='ltr'>adservari,</span> <span class='ocrx_word' id='word_1_104' title='bbox 779 1661 891 1722; x_wconf 65' lang='lat' dir='ltr'>calefao</span> 
     </span>
     <span class='ocr_line' id='line_1_19' title="bbox 200 1681 887 1825; baseline 0.004 -26"><span class='ocrx_word' id='word_1_105' title='bbox 200 1681 334 1821; x_wconf 49' lang='lat' dir='ltr'>demque</span> <span class='ocrx_word' id='word_1_106' title='bbox 353 1741 451 1803; x_wconf 84' lang='lat' dir='ltr'>nervis</span> <span class='ocrx_word' id='word_1_107' title='bbox 469 1740 602 1802; x_wconf 85' lang='lat' dir='ltr'>remedio</span> <span class='ocrx_word' id='word_1_108' title='bbox 626 1739 692 1802; x_wconf 75' lang='lat' dir='ltr'>effe.</span> <span class='ocrx_word' id='word_1_109' title='bbox 710 1740 811 1817; x_wconf 84' lang='lat' dir='ltr'>Verba</span> <span class='ocrx_word' id='word_1_110' title='bbox 837 1744 887 1825; x_wconf 88' lang='lat' dir='ltr'>ip-</span> 
     </span>
     <span class='ocr_line' id='line_1_20' title="bbox 200 1820 886 1904; baseline 0.007 -24"><span class='ocrx_word' id='word_1_111' title='bbox 200 1823 258 1881; x_wconf 83' lang='lat' dir='ltr'>sius</span> <span class='ocrx_word' id='word_1_112' title='bbox 275 1820 440 1900; x_wconf 77' lang='lat' dir='ltr'>subjiciam,</span> <span class='ocrx_word' id='word_1_113' title='bbox 461 1823 500 1884; x_wconf 83' lang='lat' dir='ltr'>ad</span> <span class='ocrx_word' id='word_1_114' title='bbox 522 1821 737 1904; x_wconf 79' lang='lat' dir='ltr'>exprimendam</span> <span class='ocrx_word' id='word_1_115' title='bbox 766 1821 886 1885; x_wconf 84' lang='lat' dir='ltr'>senten·</span> 
     </span>
     <span class='ocr_line' id='line_1_21' title="bbox 199 1902 884 1984; baseline 0.001 -22"><span class='ocrx_word' id='word_1_116' title='bbox 199 1902 287 1962; x_wconf 86' lang='lat' dir='ltr'>tiam:</span> <span class='ocrx_word' id='word_1_117' title='bbox 307 1925 323 1957; x_wconf 82' lang='lat' dir='ltr'>n</span> <span class='ocrx_word' id='word_1_118' title='bbox 332 1903 441 1964; x_wconf 84' lang='lat' dir='ltr'>Pueros</span> <span class='ocrx_word' id='word_1_119' title='bbox 460 1903 580 1984; x_wconf 87' lang='lat' dir='ltr'>pusillos</span> <span class='ocrx_word' id='word_1_120' title='bbox 600 1905 624 1966; x_wconf 80' lang='lat' dir='ltr'>si</span> <span class='ocrx_word' id='word_1_121' title='bbox 641 1906 721 1963; x_wconf 87' lang='lat' dir='ltr'>laves</span> <span class='ocrx_word' id='word_1_122' title='bbox 736 1903 884 1965; x_wconf 71' lang='lat' dir='ltr'>eiurinit:</span> 
     </span>
     <span class='ocr_line' id='line_1_22' title="bbox 161 1980 885 2066; baseline 0.008 -26"><span class='ocrx_word' id='word_1_123' title='bbox 161 1989 164 1994; x_wconf 87' lang='lat'>&#39;</span> <span class='ocrx_word' id='word_1_124' title='bbox 199 2004 393 2065; x_wconf 80' lang='lat' dir='ltr'>s›-·numquam</span> <span class='ocrx_word' id='word_1_125' title='bbox 411 1983 522 2043; x_wconf 85' lang='lat' dir='ltr'>debiles</span> <span class='ocrx_word' id='word_1_126' title='bbox 538 1980 639 2045; x_wconf 74' lang='lat' dir='ltr'>fieri».</span> <span class='ocrx_word' id='word_1_127' title='bbox 655 1983 784 2044; x_wconf 77' lang='lat' dir='ltr'>Auribus</span> <span class='ocrx_word' id='word_1_128' title='bbox 807 2006 885 2066; x_wconf 85' lang='lat' dir='ltr'>quo·</span> 
     </span>
     <span class='ocr_line' id='line_1_23' title="bbox 221 2062 883 2145; baseline 0 -21"><span class='ocrx_word' id='word_1_129' title='bbox 221 2084 264 2128; x_wconf 59' lang='lat' dir='ltr'>ue:</span> <span class='ocrx_word' id='word_1_130' title='bbox 276 2085 312 2124; x_wconf 87' lang='lat' dir='ltr'>ex</span> <span class='ocrx_word' id='word_1_131' title='bbox 328 2067 399 2128; x_wconf 86' lang='lat' dir='ltr'>vino</span> <span class='ocrx_word' id='word_1_132' title='bbox 417 2062 532 2128; x_wconf 83' lang='lat' dir='ltr'>succrsm</span> <span class='ocrx_word' id='word_1_133' title='bbox 548 2063 680 2123; x_wconf 84' lang='lat' dir='ltr'>brassicae</span> <span class='ocrx_word' id='word_1_134' title='bbox 697 2065 828 2145; x_wconf 87' lang='lat' dir='ltr'>tepidum</span> <span class='ocrx_word' id='word_1_135' title='bbox 838 2068 883 2124; x_wconf 88' lang='lat' dir='ltr'>in·</span> 
     </span>
     <span class='ocr_line' id='line_1_24' title="bbox 198 2086 881 2206; baseline 0 -1"><span class='ocrx_word' id='word_1_136' title='bbox 198 2086 296 2206; x_wconf 73' lang='lat' dir='ltr'>libari</span> <span class='ocrx_word' id='word_1_137' title='bbox 307 2144 413 2206; x_wconf 85' lang='lat' dir='ltr'>suadet.</span> <span class='ocrx_word' id='word_1_138' title='bbox 425 2142 458 2204; x_wconf 92' lang='lat' dir='ltr'>ld</span> <span class='ocrx_word' id='word_1_139' title='bbox 480 2164 517 2204; x_wconf 91' lang='lat' dir='ltr'>ue</span> <span class='ocrx_word' id='word_1_140' title='bbox 528 2146 615 2205; x_wconf 84' lang='lat' dir='ltr'>etiam</span> <span class='ocrx_word' id='word_1_141' title='bbox 625 2144 748 2205; x_wconf 89' lang='lat' dir='ltr'>tarditati</span> <span class='ocrx_word' id='word_1_142' title='bbox 758 2145 881 2206; x_wconf 82' lang='lat' dir='ltr'>audien·</span> 
     </span>
     <span class='ocr_line' id='line_1_25' title="bbox 199 2167 882 2308; baseline 0.003 -23"><span class='ocrx_word' id='word_1_143' title='bbox 199 2228 275 2286; x_wconf 81' lang='lat' dir='ltr'>tium</span> <span class='ocrx_word' id='word_1_144' title='bbox 283 2224 413 2307; x_wconf 81' lang='lat' dir='ltr'>prodesse</span> <span class='ocrx_word' id='word_1_145' title='bbox 423 2167 583 2290; x_wconf 61' lang='lat' dir='ltr'>adimerat.</span> <span class='ocrx_word' id='word_1_146' title='bbox 597 2223 634 2287; x_wconf 90' lang='lat' dir='ltr'>Et</span> <span class='ocrx_word' id='word_1_147' title='bbox 640 2228 822 2308; x_wconf 80' lang='lat' dir='ltr'>impetigines</span> <span class='ocrx_word' id='word_1_148' title='bbox 832 2227 882 2287; x_wconf 66' lang='lat' dir='ltr'>ea-</span> 
     </span>
     <span class='ocr_line' id='line_1_26' title="bbox 198 2305 915 2378; baseline 0.003 -15"><span class='ocrx_word' id='word_1_149' title='bbox 198 2307 270 2378; x_wconf 76' lang='lat' dir='ltr'>dem</span> <span class='ocrx_word' id='word_1_150' title='bbox 285 2305 373 2368; x_wconf 89' lang='lat' dir='ltr'>sanari</span> <span class='ocrx_word' id='word_1_151' title='bbox 390 2308 451 2366; x_wconf 84' lang='lat' dir='ltr'>sina</span> <span class='ocrx_word' id='word_1_152' title='bbox 469 2306 574 2366; x_wconf 85' lang='lat' dir='ltr'>ulcere.</span> <span class='ocrx_word' id='word_1_153' title='bbox 864 2328 867 2336; x_wconf 88' lang='lat'>·</span> <span class='ocrx_word' id='word_1_154' title='bbox 912 2309 915 2314; x_wconf 77' lang='grc'>’</span> 
     </span>
     <span class='ocr_line' id='line_1_27' title="bbox 239 2384 879 2468; baseline 0.008 -24"><span class='ocrx_word' id='word_1_155' title='bbox 239 2385 380 2451; x_wconf 86' lang='lat' dir='ltr'>XXXlV.</span> <span class='ocrx_word' id='word_1_156' title='bbox 399 2384 572 2447; x_wconf 80' lang='lat' dir='ltr'>Graecorum</span> <span class='ocrx_word' id='word_1_157' title='bbox 589 2405 706 2468; x_wconf 81' lang='lat' dir='ltr'>quoque</span> <span class='ocrx_word' id='word_1_158' title='bbox 724 2390 879 2468; x_wconf 81' lang='lat' dir='ltr'>opiniones</span> 
     </span>
     <span class='ocr_line' id='line_1_28' title="bbox 196 2465 879 2548; baseline 0.006 -21"><span class='ocrx_word' id='word_1_159' title='bbox 196 2465 257 2545; x_wconf 81' lang='lat' dir='ltr'>jam</span> <span class='ocrx_word' id='word_1_160' title='bbox 278 2469 310 2528; x_wconf 68' lang='grc' dir='ltr'>ὃ(</span> <span class='ocrx_word' id='word_1_161' title='bbox 330 2465 451 2530; x_wconf 85' lang='lat' dir='ltr'>Catonis</span> <span class='ocrx_word' id='word_1_162' title='bbox 468 2468 554 2528; x_wconf 73' lang='lat' dir='ltr'>causi</span> <span class='ocrx_word' id='word_1_163' title='bbox 573 2469 644 2548; x_wconf 92' lang='lat' dir='ltr'>poni</span> <span class='ocrx_word' id='word_1_164' title='bbox 668 2471 825 2543; x_wconf 88' lang='lat' dir='ltr'>convenit,</span> <span class='ocrx_word' id='word_1_165' title='bbox 847 2472 879 2531; x_wconf 87' lang='lat' dir='ltr'>in</span> 
     </span>
     <span class='ocr_line' id='line_1_29' title="bbox 198 2547 879 2630; baseline 0.006 -24"><span class='ocrx_word' id='word_1_166' title='bbox 198 2548 419 2630; x_wconf 60' lang='lat' dir='ltr'>indomitur,</span> <span class='ocrx_word' id='word_1_167' title='bbox 434 2569 499 2630; x_wconf 82' lang='lat' dir='ltr'>quae</span> <span class='ocrx_word' id='word_1_168' title='bbox 514 2547 562 2609; x_wconf 91' lang='lat' dir='ltr'>ille</span> <span class='ocrx_word' id='word_1_169' title='bbox 582 2547 801 2629; x_wconf 67' lang='lat' dir='ltr'>praetermiserit.</span> <span class='ocrx_word' id='word_1_170' title='bbox 827 2548 879 2610; x_wconf 86' lang='lat' dir='ltr'>Bi·</span> 
     </span>
     <span class='ocr_line' id='line_1_30' title="bbox 196 2570 877 2711; baseline 0.009 -26"><span class='ocrx_word' id='word_1_171' title='bbox 196 2570 238 2686; x_wconf 73' lang='lat' dir='ltr'>lr&#39;s</span> <span class='ocrx_word' id='word_1_172' title='bbox 254 2628 405 2689; x_wconf 85' lang='lat' dir='ltr'>detrahere</span> <span class='ocrx_word' id='word_1_173' title='bbox 420 2652 484 2690; x_wconf 71' lang='lat' dir='ltr'>nonv</span> <span class='ocrx_word' id='word_1_174' title='bbox 499 2629 662 2711; x_wconf 73' lang='lat' dir='ltr'>petendam</span> <span class='ocrx_word' id='word_1_175' title='bbox 675 2646 784 2708; x_wconf 90' lang='lat' dir='ltr'>putant.</span> <span class='ocrx_word' id='word_1_176' title='bbox 801 2628 877 2691; x_wconf 82' lang='lat' dir='ltr'>Item</span> 
     </span>
     <span class='ocr_line' id='line_1_31' title="bbox 195 2706 873 2791; baseline 0.006 -22"><span class='ocrx_word' id='word_1_177' title='bbox 195 2706 294 2771; x_wconf 73' lang='lat' dir='ltr'>alvum</span> <span class='ocrx_word' id='word_1_178' title='bbox 302 2708 415 2772; x_wconf 77' lang='lat' dir='ltr'>solvere</span> <span class='ocrx_word' id='word_1_179' title='bbox 423 2753 438 2781; x_wconf 81' lang='lat'>,</span> <span class='ocrx_word' id='word_1_180' title='bbox 453 2710 645 2791; x_wconf 82' lang='lat' dir='ltr'>eamdemque</span> <span class='ocrx_word' id='word_1_181' title='bbox 654 2711 698 2770; x_wconf 86' lang='lat' dir='ltr'>bis</span> <span class='ocrx_word' id='word_1_182' title='bbox 709 2711 821 2774; x_wconf 77' lang='lat' dir='ltr'>cottam</span> <span class='ocrx_word' id='word_1_183' title='bbox 833 2713 873 2773; x_wconf 77' lang='lat' dir='ltr'>si·</span> 
     </span>
     <span class='ocr_line' id='line_1_32' title="bbox 195 2782 875 2864; baseline 0.001 -13"><span class='ocrx_word' id='word_1_184' title='bbox 195 2782 279 2860; x_wconf 71' lang='lat' dir='ltr'>llere.</span> <span class='ocrx_word' id='word_1_185' title='bbox 301 2788 381 2858; x_wconf 84' lang='lat' dir='ltr'>Vino</span> <span class='ocrx_word' id='word_1_186' title='bbox 406 2787 565 2864; x_wconf 72' lang='lat' dir='ltr'>adversari,</span> <span class='ocrx_word' id='word_1_187' title='bbox 583 2806 615 2851; x_wconf 89' lang='lat' dir='ltr'>ut</span> <span class='ocrx_word' id='word_1_188' title='bbox 631 2790 778 2863; x_wconf 81' lang='lat' dir='ltr'>inimicam</span> <span class='ocrx_word' id='word_1_189' title='bbox 805 2792 875 2857; x_wconf 81' lang='lat' dir='ltr'>viti·</span> 
     </span>
    </p>
   </div>
   <div class='ocr_carea' id='block_1_3' title="bbox 0 0 988 3600">
    <p class='ocr_par' dir='ltr' id='par_1_3' title="bbox 0 0 988 3600">
     <span class='ocr_line' id='line_1_33' title="bbox 0 0 988 3600; baseline 0 3"><span class='ocrx_word' id='word_1_190' title='bbox 0 0 988 3600; x_wconf 95' lang='lat' dir='ltr'> </span> 
     </span>
    </p>
   </div>
  </div>
 </body>
</html>
