1967 3600
236 335 286 405 44
335 314 836 387 GPrrunNATvu.

218 429 341 510 lesem,
362 432 456 495 donec
479 431 527 492 sud
546 430 703 492 fertilitate
740 430 946 510 consumatur.

236 513 336 575 Tertia
351 517 425 574 circa
451 511 621 585 solstitium,
646 532 688 571 ex
713 513 780 595 quai
803 515 829 572 si
849 515 946 575 humi·

237 595 304 656 dior
321 594 401 654 locus
422 592 483 664 est,
503 590 616 653 aestate:
633 594 660 651 si
676 593 815 665 siccior,
828 610 945 653 autum·

227 696 277 736 *no
291 675 439 756 plantatur.
456 673 572 733 Humor
582 671 738 754 limusque
753 675 779 733 si
798 673 941 745 defuere,

224 754 329 831 'major
345 751 451 836 saporis
474 755 563 835 gratia
582 752 651 813 est:
675 757 703 813 si
723 754 940 824 abundavere,

232 836 330 894 laetior
345 833 481 895 fertilitas.
499 833 614 894 Fimum
628 835 789 895 asininum
809 832 940 895 maxime

220 915 385 976 *convenit
426 935 427 938 ¹

227 1028 247 1050 «.
279 993 328 1055 Est
346 995 407 1055 haec
426 1014 543 1079 quoque
557 1015 603 1055 res
615 995 697 1055 inter
706 1016 808 1077 opera
818 1013 937 1077 ganeae:

238 1093 417 1157 quapropter
437 1097 503 1135 'non
522 1075 631 1157 pigebit
650 1075 823 1136 verbosius
841 1071 938 1156 perse«

238 1156 298 1236 qui.
316 1155 477 1237 Praecipuus
496 1153 529 1216 fit
545 1156 634 1216 caulis
647 1154 759 1236 sapore
777 1177 814 1215 ac
830 1154 938 1235 magni·

230 1235 358 1308 tudine,
374 1238 499 1317 primum
514 1237 643 1296 omnium
663 1240 690 1297 si
707 1239 741 1296 in
757 1234 936 1317 repastinato

240 1314 329 1378 seras:
345 1317 411 1377 dein
429 1320 453 1376 si
477 1334 580 1376 terram
604 1314 756 1397 fugientes
775 1313 935 1377 cauliculos

228 1394 336 1471 ·=seces‚
356 1419 373 1457 a
389 1398 522 1477 tetrique
539 1395 714 1457 adtollentes
725 1395 757 1457 se
792 1395 934 1458 rocerita-

239 1493 272 1538 te
284 1477 428 1547 luxuriosi
438 1475 760 1556 exaggerandoaliama
782 1475 931 1542 cumules,

232 1559 327 1617 vitane
358 1555 401 1615 lus
409 1554 496 1636 quim
508 1576 646 1623 cacumen
655 1559 798 1617 emineat.
819 1554 932 1615 Tritia·

231 1656 314 1695 uum
337 1577 393 1730 lloc
408 1656 496 1718 genus
510 1640 653 1711 vocatur,
668 1637 715 1698 bis
736 1631 931 1719 computabili

234 1717 411 1796 impendro,
432 1715 589 1798 taedioque.

282 1793 391 1858 Cetera
412 1817 515 1877 genera
537 1796 687 1878 complura
715 1797 794 1860 suut.
817 1795 930 1865 Cuma,-

241 1896 312 1938 uum
336 1876 423 1936 sessili
439 1876 535 1950 folio,
556 1880 649 1959 capite
669 1882 817 1960 patulum.
836 1876 928 1938 Arici·

240 1978 311 2017 num
324 1956 473 2032 altitudine
493 1978 554 2017 non
566 1960 722 2034 excelsius,
740 1959 817 2020 folio
827 1974 928 2017 nume·

241 2039 334 2097 rosius
343 2082 354 2110 ‚
364 2037 451 2120 quim
461 2040 582 2098 tenuius.
591 2038 857 2101 Hocutilissimum
869 2036 928 2097 exi-

234 2115 385 2190 stimatur,
397 2120 462 2199 quia
473 2118 524 2178 sub
533 2120 668 2180 omnibus
678 2142 761 2202 paene
774 2118 852 2179 foliis
863 2116 924 2176 fru-

241 2199 309 2258 ticat
326 2198 468 2267 cauliculis
493 2201 693 2280 peculiaribus.
710 2200 923 2280 Pompeianum

264 2281 406 2358 rocerius‚
422 2280 503 2340 caule
519 2281 555 2339 ab
572 2280 666 2339 radice
679 2282 776 2352 tenui,
793 2281 871 2337 intra
882 2276 924 2335 fo·

235 2299 446 2421 lacraffescit.
466 2359 586 2420 Rariora
606 2360 667 2418 haec
685 2356 921 2439 angustioraque:

237 2438 294 2501 'sed
312 2442 446 2501 teneritas
463 2442 492 2500 iu
512 2439 597 2508 dote,
612 2440 636 2499 si
652 2437 757 2520 frigora
772 2459 834 2499 non
846 2437 923 2497 tole-

243 2536 307 2581 rat:
320 2522 421 2601 quibus
442 2523 527 2582 etiam
547 2519 659 2579 aluntur
677 2519 803 2580 Brutiani
814 2561 832 2591 ‚.
846 2537 920 2599 prae·

237 2600 366 2736 prandes
382 2600 478 2674 foliis,
496 2600 575 2661 caule
591 2615 708 2674 tenues,
718 2599 818 2683 sapore
834 2597 919 2657 acuti.

236 2716 240 2722 .
264 2679 384 2740 abellico
394 2680 519 2761 usquein
529 2682 747 2742 admirationem
757 2680 847 2762 crispa
858 2676 919 2737 sunt

243 2755 335 2831 folia,
358 2779 481 2842 quorum
509 2759 666 2819 crassitudo
692 2762 804 2821 caulem
827 2755 917 2839 ipsum

244 2851 394 2903 extenuat:
417 2839 468 2912 sed,
490 2838 647 2900 dulcissimi
674 2840 860 2921 perhibentur
882 2852 917 2896 ex
