1967 3600
146 292 357 365 Hrsrou.
383 297 458 367 Lib.
479 296 614 371 XXIII.
666 325 736 402 257

23 811 24 824 ¹
105 776 676 874 LIBERXXIII.

120 942 294 1013 Medicina
311 970 354 1034 ex
369 949 529 1022 arboribus
555 955 660 1029 cultis.

64 1072 733 1238 [Prolemcerealiuminmedendoquo

63 1243 110 1304 que
124 1242 226 1286 natura
243 1226 306 1299 est,
322 1231 510 1312 omniumque
523 1254 588 1313 quae
598 1235 730 1299 ciborum

63 1320 102 1364 aut
117 1307 244 1380 florum,
267 1308 432 1371 odorumve
451 1314 541 1392 gratii
555 1318 731 1393 proveniunt

64 1383 150 1465 lupini
167 1387 277 1448 tellure.
290 1419 294 1425 ·
308 1385 378 1449 Non
398 1394 484 1451 cessit
512 1394 556 1452 his
581 1394 732 1471 Pomona,
833 1405 835 1408 ’

64 1466 200 1549 partesque
221 1469 347 1529 medicas
366 1470 398 1531 &
418 1473 611 1552 pendentibus
628 1476 731 1552 dedit,

63 1565 114 1606 ooo
131 1565 267 1609 contenta
286 1568 458 1634 protegere,
470 1554 665 1637 arborumque
675 1559 733 1619 ale·

64 1646 90 1685 re
102 1629 200 1688 umbri
215 1651 280 1711 quae
308 1631 449 1692 diximus:
468 1636 560 1696 immo
583 1637 666 1698 velut
686 1640 733 1711 in·

62 1705 166 1789 dignata
184 1709 247 1789 plus
265 1711 362 1770 auxilii
376 1710 465 1773 inelle
482 1716 526 1774 his
540 1738 605 1797 quae
616 1718 666 1778 lon
686 1722 730 1780 ius

64 1790 157 1850 acaelo
168 1790 310 1865 abell'em,
326 1814 447 1875 quaeque
479 1794 558 1857 osteo
571 1737 730 1880 coepildent.

65 1864 176 1931 Primum
193 1875 272 1933 enim
293 1874 404 1934 homini
427 1817 525 1937 cilum
543 1877 622 1941 misse
641 1881 729 1956 inde,

64 1948 93 2008 ἃ
109 1955 147 2010 sic
168 1953 284 2014 inducto
304 1954 407 2014 caelum
428 1955 572 2038 speclare,
592 1960 728 2047 pascique
754 2014 757 2021 .

64 2028 178 2092 &nunc
194 2055 232 2095 ex
250 2033 279 2094 se
298 2033 377 2115 polle
393 2039 452 2097 sine
471 2039 607 2122 frugibus.

98 2109 132 2171 II.
148 2112 223 2198 Ergo
252 2115 368 2176 hercule
387 2134 460 2178 artes
479 2121 509 2178 in
529 2124 627 2201 primis
648 2121 729 2185 dedit

64 2188 177 2268 vitibus,
196 2217 256 2256 non
273 2208 410 2256 contenta
430 2198 547 2260 delicias
565 2203 669 2274 etiam,
695 2204 728 2267 &

65 2271 179 2348 odores,
204 2293 291 2359 atque
317 2296 479 2360 unguenta,
503 2283 678 2363 omphacio,
697 2284 729 2344 δι

65 2354 205 2429 oeoanthe,
218 2379 252 2418 ac
272 2356 400 2432 maffeii,
420 2359 504 2441 (quae
520 2362 574 2422 suis
591 2366 665 2422 locis
681 2361 729 2420 di·

64 2432 146 2492 ximus
154 2434 185 2516 ,)
196 2437 332 2498 nobiliter
341 2439 507 2500 instruxisse.
519 2462 537 2494 u
550 2441 730 2515 Plurimum,

64 2514 199 2595 nunquit,
217 2519 328 2578 homini
350 2519 508 2599 voluptatis
537 2540 574 2579 ex
601 2539 650 2579 me
676 2517 729 2581 est.

63 2591 117 2651 »E
135 2615 151 2653 ο
167 2595 281 2659 succum
298 2601 376 2661 vini:
387 2600 531 2682 liquorem
549 2599 608 2661 olei
630 2600 729 2682 gigno.
757 2656 759 2659 .

64 2695 83 2730 u
98 2613 155 2754 Εὲο
169 2680 277 2758 palmas
294 2679 326 2740 &
344 2700 453 2761 poma,
476 2697 578 2764 totque
598 2683 729 2742 varieta-

64 2773 82 2808 u
101 2767 161 2817 tes:
177 2779 271 2842 neque
292 2776 324 2820 ut
348 2760 449 2835 tellus,
461 2766 559 2822 omnia
576 2782 628 2842 per
646 2761 728 2850 labo·

63 2853 80 2891 u
95 2852 138 2896 res
148 2879 157 2911 ,
167 2840 268 2903 umda
277 2842 363 2909 tauris
374 2842 514 2917 ,terenda
522 2846 612 2922 ateis,
622 2842 727 2925 deinde
