1967 3600
261 274 336 342 'iao
385 263 423 338 C.
448 243 628 336 Putitii
653 254 853 336 Narnia.

261 385 391 448 inedium
397 376 498 469 genus,
506 374 642 467 q'uoniam
650 386 680 445 in
688 376 777 457 arvis,
793 385 854 447 sed
865 373 962 469 spois

262 485 294 528 te
311 467 490 540 nasceretur,
519 466 629 525 rhoeani
638 469 810 528 vocavimus
829 468 868 529 &
882 467 959 529 enai

261 550 359 627 ticum,
371 546 501 626 Quidam
509 546 540 605 id
551 546 721 627 decerptum
733 547 877 628 protinus
887 567 958 609 cunt

263 644 329 688 toto
353 627 454 707 calyce
474 626 622 686 mandunt.
643 624 754 690 Alvum
774 629 957 689 'exinaniunt

262 700 356 788 'capita
376 708 505 789 quinque
530 706 650 767 decoua
662 710 691 766 in
710 709 772 773 ‘vini
785 709 889 769 tribus
904 700 958 775 hei.

263 789 348 848 minis
390 803 456 861 ota,
476 788 508 846 δι
530 785 660 847 somnum
675 786 794 865 ¹faciunt.

263 934 266 938 ,
282 808 447 935 Lxxl'ul.
457 865 955 949 silvestriumunumgenu3‚c'erati·

261 948 303 1006 tin
310 964 431 1020 vocant,
438 948 563 1029 nigrum,
573 948 687 1008 cubitali
695 949 852 1009 altitudine
858 993 870 1022 ,
881 950 954 1010 radi·

162 1022 164 1029 ’
262 1046 298 1086 ce
311 1026 442 1089 crassi&
451 1029 613 1098 corticoslt,
623 1028 757 1109 calyculo
771 1030 888 1091 inflexo
900 1045 951 1104 ‚ut

230 1156 238 1167 t
264 1109 421 1185 corniculi.
431 1108 514 1168 Folia
527 1109 845 1185 minora&tenuiora,
862 1111 950 1191 quini

261 1188 365 1249 'ceteris
382 1187 567 1250 silvestribus.
593 1187 699 1249 Samen
718 1191 816 1264 exile,
832 1184 948 1271 teutpess

261 1266 368 1330 stivum
383 1268 424 1329 est
437 1270 596 1330 messibus:
611 1269 708 1331 alvum
727 1286 836 1352 purgat
861 1271 947 1332 dimi·

263 1348 316 1409 'dio
334 1350 487 1421 acetabulo
502 1352 532 1410 in
554 1347 659 1410 mulso.
684 1349 767 1410 Folia
790 1353 862 1411 trita
882 1369 945 1411 cunt

261 1429 355 1505 ὈΙιεο,1
371 1450 484 1513 argema
504 1427 701 1506 jumentorum
722 1429 833 1494 sanant.
853 1431 945 1491 Radix

263 1512 404 1572 acetabuli
426 1509 558 1571 mensura
575 1509 655 1574 coda
672 1512 703 1570 in
721 1511 838 1573 duobus
858 1511 946 1573 sexta·-

258 1592 313 1650 aiis
332 1591 369 1652 ad
387 1591 537 1665 dimidias,
548 1590 630 1650 datur
643 1591 679 1650 ad
688 1592 859 1653 lumborum
876 1593 943 1655 vitia

265 1672 299 1732 &
309 1669 451 1751 jocineris.
463 1670 652 1751 Carbunculis
661 1673 817 1733 medentur
828 1671 944 1734 camel·

264 1752 293 1814 le
308 1751 385 1813 folia.
400 1750 535 1831 Quidam
549 1752 606 1813 hoc
625 1772 715 1834 genus
733 1754 872 1836 glaucion
889 1773 942 1815 vo·

267 1847 350 1908 cant3
368 1833 417 1892 alii
435 1833 573 1914 paralion.
596 1832 726 1893 Nascitur
745 1837 828 1897 enim
848 1838 879 1895 in
894 1832 942 1911 ad?

268 1915 338 1975 flatu
359 1914 462 1983 maris,
478 1929 528 1973 aut
547 1912 655 1975 nitloso
673 1914 751 1976 loco.

306 1991 441 2054 lxxix.
461 1990 596 2054 Alterum
616 2014 632 2054 e
655 1994 835 2057 silvestribus
856 2013 940 2079 genus

262 2072 410 2135 heraclion
431 2090 572 2152 vocatur,
591 2074 628 2134 ab
643 2075 703 2135 aliis
718 2076 848 2157 aphron,
869 2076 940 2137 foliis

264 2153 304 2236 (si
314 2153 416 2235 procul
424 2153 573 2236 intuearis)
582 2153 707 2236 speciem
722 2156 866 2237 pallerum
875 2175 939 2238 prae·

257 2234 414 2307 bentibus,
424 2235 520 2295 radice
532 2237 563 2294 in
579 2235 687 2296 summa
706 2254 790 2297 terrae
806 2255 891 2311 cute,
902 2232 939 2294 se·

264 2319 344 2377 mine
354 2313 483 2395 spumeo.
495 2313 538 2374 Ex
549 2316 606 2376 hoc
620 2318 677 2376 lina
688 2314 875 2396 splendorem
885 2334 938 2376 tta·

258 2395 339 2474 hunt
357 2393 462 2456 aestatc.
473 2392 618 2455 Tunditut
633 2398 663 2456 in
681 2400 741 2477 pila
750 2394 936 2459 comitialibus
978 2467 979 2470 Ἴ

264 2477 384 2558 morbis,
393 2475 534 2554 acetabuli
542 2474 789 2540 mensuriinvino
798 2480 936 2541 albotvo·
978 2477 979 2508 ²

264 2560 416 2619 unitionem
426 2555 591 2618 enimfacit.
608 2557 851 2640 Medicamento2
861 2552 934 2639 quod

257 2637 419 2698 diacodion
435 2637 468 2698 δι
489 2639 628 2702 arteriace
652 2656 800 2716 vocatur,
824 2636 934 2702 utilissi-

263 2736 356 2797 mum.
374 2716 420 2777 Fit
434 2733 531 2776 autem
550 2716 633 2797 hujus
653 2723 806 2799 papaveris
819 2737 868 2781 aut
883 2734 932 2775 cu

259 2787 575 2880 juscuiuqucsilvclltis
583 2800 721 2882 capitibus
733 2818 811 2865 cxx.
819 2804 850 2861 in
857 2813 932 2938 alqph?

821 2898 889 2943 caee
920 2891 933 2943 δ,

866 3333 980 3599 l
