1967 3600
236 294 308 381 304
351 280 826 352 clamaturum.

232 400 434 465 terebinthina.
465 397 624 461 Calculosis
643 400 677 460 δι
697 399 808 461 difficili
824 397 904 459 utinm

233 485 264 543 in
276 479 371 564 paffot
391 482 424 541 &
442 480 478 538 ad
492 481 670 619 purffindam
681 499 779 540 cutem
795 483 825 539 in
838 476 905 560 aqui

236 562 329 625 mulsa
346 565 436 633 tritae,
451 558 514 619 sunt
532 581 548 619 e
598 580 674 621 ates.
694 560 816 625 Prosunt
825 560 906 638 eclig-

236 659 313 704 mate
329 639 465 720 iocineri,
481 641 571 713 tussi,
587 641 620 701 &
641 639 730 712 colo,
741 663 809 702 cum
825 635 908 700 elelis·

237 723 330 803 phaco
342 720 456 781 modice
470 719 581 781 addito.
598 719 632 780 Iu
639 720 725 780 melle
735 720 852 782 sumitur
861 736 908 778 nu·

237 803 279 863 cis
297 800 431 862 avellanae
445 819 492 860 ma
512 801 623 861 nitudo.
642 802 749 873 Aiunt,
769 797 906 883 quiuisse-

237 901 270 942 re
286 879 463 961 praesumptis
484 819 655 942 effurietatem
671 902 732 941 non
746 880 846 942 sentire
861 897 906 960 pu·

236 977 330 1022 torest
349 958 526 1041 vulpesque,
542 962 566 1021 si
584 961 697 1022 ederint
714 978 905 1035 eas,neccou-

235 1044 328 1123 tingat·
342 1061 359 1100 e
376 1042 474 1102 vicino
495 1061 597 1122 aquam
607 1042 753 1114 lambere,
765 1036 905 1103 morilli-

236 1121 292 1181 nlis
308 1121 407 1182 valent
422 1125 453 1180 in
469 1122 606 1183 remediis
624 1121 741 1197 dulces,
757 1122 790 1183 ὃ(
806 1121 848 1182 hae
866 1134 904 1177 ta·

238 1216 308 1261 men
325 1218 462 1283 purgant,
476 1202 509 1262 &
526 1204 634 1262 urinam
655 1204 741 1264 ciem.
770 1202 903 1264 Recentes

237 1279 421 1345 stomachum
443 1281 574 1363 impleut.
893 1353 900 1368 ·

261 1382 264 1386 ⁴
279 1360 415 1423 LXXVI.
435 1361 566 1423 Nutibus
582 1359 693 1424 Graecis
704 1381 771 1424 cum
785 1354 902 1420 absimhu

238 1439 347 1502 semine
367 1462 405 1501 ex
425 1460 508 1503 aceto
526 1440 666 1520 sumptis,
686 1443 803 1504 morbus
818 1437 902 1520 regius

238 1520 328 1583 sanari
346 1521 467 1583 dicitur:
483 1525 552 1583 item
571 1522 648 1582 illitis
670 1544 724 1603 per
742 1521 771 1582 se
791 1519 855 1580 vitia
864 1513 902 1576 se·

237 1601 284 1665 ‹lis
294 1647 304 1676 ‚
315 1602 347 1664 δι
358 1604 491 1683 privatim
499 1602 714 1683 condylomata.
732 1600 804 1663 Item
810 1597 903 1668 mssisi

238 1680 271 1743 ἃ
284 1681 330 1741 san
370 1685 423 1749 inis
442 1681 569 1763 rejeilio.

260 1773 265 1804 ³
393 1761 430 1824 ll.
441 1762 539 1825 Nuces
554 1761 706 1847 juglandes
718 1761 812 1826 Graeci
828 1781 844 1822 a
858 1775 900 1820 ca·

239 1843 305 1926 pitis
323 1843 479 1938 gravedine
490 1844 684 1926 appellavere.
704 1844 815 1927 Etenim
825 1839 901 1902 arbo-

237 1942 303 1981 rum
325 1921 447 2003 ipsarum
469 1922 665 2007 foliorumque
684 1928 763 1987 vires
781 1926 810 1984 in
830 1937 900 1983 cere·

239 2002 323 2066 hrum
348 2020 521 2081 penetrant:
540 2006 597 2065 hoc
617 2008 730 2067 minore
747 2019 900 2069 tormento.

238 2082 273 2144 &
288 2084 318 2142 iu
337 2082 428 2157 cibis,
445 2084 540 2145 nuclei
550 2083 666 2147 faciunt.
685 2084 758 2147 Sunt
768 2098 901 2145 autemm-

237 2179 336 2223 centes
351 2160 557 2244 jucundiores,
574 2168 657 2227 siccae
681 2166 899 2248 unguinosiores,

239 2242 275 2306 &
293 2241 442 2304 stomacho
460 2246 594 2317 inutiles,
614 2244 748 2306 difficiles
761 2240 898 2311 centullus

241 2323 375 2384 dolorem
382 2326 482 2405 capitis
490 2324 645 2387 inferentes
653 2325 851 2399 ‚tussientibus
857 2319 900 2381 ini·

239 2406 340 2477 micae,
357 2406 390 2468 &
406 2407 558 2466 vomituris
586 2403 710 2486 ¹jejunis:
727 2425 800 2488 apta
817 2408 844 2465 in
862 2417 900 2461 te·

239 2485 340 2546 nesmo
356 2484 438 2549 solu:
457 2486 571 2548 trahunt
593 2488 671 2547 enim
695 2488 833 2568 pituitam.
848 2480 901 2542 Ea·

241 2564 310 2625 dem
335 2566 513 2647 praesumptae
540 2588 654 2628 venena
678 2566 828 2629 hebetant:
844 2566 900 2623 item

240 2647 373 2725 anginam
399 2668 464 2708 cum
486 2648 549 2707 ruta
569 2648 602 2708 &
620 2647 699 2709 oleo.
723 2642 902 2708 Adversum

240 2726 337 2866 ffiin
352 2725 517 2810 leniuntque
528 2748 628 2790 earum
637 2726 779 2810 saputem.
793 2725 903 2813 Aurium

292 2809 458 2874 aumationi
476 2810 662 2891 inponuntur
677 2829 746 2891 pum
754 2805 902 2880 mellina}-
