<?xml version="1.0" encoding="UTF-8"?>
<!DOCTYPE html PUBLIC "-//W3C//DTD XHTML 1.0 Transitional//EN"
    "http://www.w3.org/TR/xhtml1/DTD/xhtml1-transitional.dtd">
<html xmlns="http://www.w3.org/1999/xhtml" xml:lang="en" lang="en">
 <head>
  <title>
</title>
<meta http-equiv="Content-Type" content="text/html;charset=utf-8" />
  <meta name='ocr-system' content='tesseract 3.04.00' />
  <meta name='ocr-capabilities' content='ocr_page ocr_carea ocr_par ocr_line ocrx_word'/>
</head>
<body>
  <div class='ocr_page' id='page_1' title='image "./caiipliniisecun00unkngoog_0080.png"; bbox 0 0 1967 3600; ppageno 0'>
   <div class='ocr_carea' id='block_1_1' title="bbox 236 267 794 365">
    <p class='ocr_par' dir='ltr' id='par_1_1' title="bbox 236 267 794 365">
     <span class='ocr_line' id='line_1_1' title="bbox 236 267 794 365; baseline -0.011 -21"><span class='ocrx_word' id='word_1_1' title='bbox 236 294 285 365; x_wconf 90' lang='lat'>70</span> <span class='ocrx_word' id='word_1_2' title='bbox 334 271 374 342; x_wconf 82' lang='lat' dir='ltr'>C.</span> <span class='ocrx_word' id='word_1_3' title='bbox 396 269 577 341; x_wconf 78' lang='lat' dir='ltr'>Parim</span> <span class='ocrx_word' id='word_1_4' title='bbox 601 267 794 340; x_wconf 68' lang='lat' dir='ltr'>Nnru&#39;rr.</span> 
     </span>
    </p>
   </div>
   <div class='ocr_carea' id='block_1_2' title="bbox 214 383 956 1751">
    <p class='ocr_par' dir='ltr' id='par_1_2' title="bbox 220 383 942 1036">
     <span class='ocr_line' id='line_1_2' title="bbox 234 383 942 475; baseline -0.004 -19"><span class='ocrx_word' id='word_1_5' title='bbox 234 391 364 457; x_wconf 78' lang='lat' dir='ltr'>fortassis</span> <span class='ocrx_word' id='word_1_6' title='bbox 384 391 521 475; x_wconf 88' lang='lat' dir='ltr'>quoniam</span> <span class='ocrx_word' id='word_1_7' title='bbox 540 387 690 450; x_wconf 82' lang='lat' dir='ltr'>Venerem</span> <span class='ocrx_word' id='word_1_8' title='bbox 708 383 850 449; x_wconf 84' lang='lat' dir='ltr'>stimulari</span> <span class='ocrx_word' id='word_1_9' title='bbox 869 387 942 453; x_wconf 84' lang='lat' dir='ltr'>hoe</span> 
     </span>
     <span class='ocr_line' id='line_1_3' title="bbox 236 469 941 551; baseline -0.009 -15"><span class='ocrx_word' id='word_1_10' title='bbox 236 475 305 536; x_wconf 88' lang='lat' dir='ltr'>tibo</span> <span class='ocrx_word' id='word_1_11' title='bbox 326 491 437 534; x_wconf 87' lang='lat' dir='ltr'>certum</span> <span class='ocrx_word' id='word_1_12' title='bbox 455 469 513 530; x_wconf 90' lang='lat' dir='ltr'>est:</span> <span class='ocrx_word' id='word_1_13' title='bbox 526 470 597 529; x_wconf 91' lang='lat' dir='ltr'>ideo</span> <span class='ocrx_word' id='word_1_14' title='bbox 616 487 775 551; x_wconf 89' lang='lat' dir='ltr'>conceptus</span> <span class='ocrx_word' id='word_1_15' title='bbox 795 469 941 548; x_wconf 84' lang='lat' dir='ltr'>adjuva·</span> 
     </span>
     <span class='ocr_line' id='line_1_4' title="bbox 236 548 941 635; baseline -0.003 -20"><span class='ocrx_word' id='word_1_16' title='bbox 236 559 262 615; x_wconf 90' lang='lat' dir='ltr'>ri</span> <span class='ocrx_word' id='word_1_17' title='bbox 285 554 371 635; x_wconf 84' lang='lat' dir='ltr'>aliqui</span> <span class='ocrx_word' id='word_1_18' title='bbox 402 551 603 633; x_wconf 85' lang='lat' dir='ltr'>prodiderunt.</span> <span class='ocrx_word' id='word_1_19' title='bbox 627 550 678 610; x_wconf 86' lang='lat' dir='ltr'>Ad</span> <span class='ocrx_word' id='word_1_20' title='bbox 697 551 806 631; x_wconf 76' lang='lat' dir='ltr'>relique</span> <span class='ocrx_word' id='word_1_21' title='bbox 824 551 865 611; x_wconf 84' lang='lat'>&amp;</span> <span class='ocrx_word' id='word_1_22' title='bbox 886 548 941 613; x_wconf 87' lang='lat' dir='ltr'>sa-</span> 
     </span>
     <span class='ocr_line' id='line_1_5' title="bbox 235 628 938 707; baseline -0.006 -11"><span class='ocrx_word' id='word_1_23' title='bbox 235 638 297 697; x_wconf 83' lang='lat' dir='ltr'>tiva</span> <span class='ocrx_word' id='word_1_24' title='bbox 341 631 420 692; x_wconf 86' lang='lat' dir='ltr'>oliet.</span> <span class='ocrx_word' id='word_1_25' title='bbox 452 628 605 691; x_wconf 86' lang='lat' dir='ltr'>Efficacior</span> <span class='ocrx_word' id='word_1_26' title='bbox 633 648 730 691; x_wconf 87' lang='lat' dir='ltr'>tamen</span> <span class='ocrx_word' id='word_1_27' title='bbox 760 629 938 707; x_wconf 84' lang='lat' dir='ltr'>silvestris,</span> 
     </span>
     <span class='ocr_line' id='line_1_6' title="bbox 236 655 938 796; baseline 0 -23"><span class='ocrx_word' id='word_1_28' title='bbox 236 655 382 796; x_wconf 68' lang='lat' dir='ltr'>magiique</span> <span class='ocrx_word' id='word_1_29' title='bbox 400 713 432 771; x_wconf 91' lang='lat' dir='ltr'>in</span> <span class='ocrx_word' id='word_1_30' title='bbox 452 714 577 793; x_wconf 80' lang='lat' dir='ltr'>petrosis</span> <span class='ocrx_word' id='word_1_31' title='bbox 596 727 669 772; x_wconf 84' lang='lat' dir='ltr'>nata.</span> <span class='ocrx_word' id='word_1_32' title='bbox 696 708 802 771; x_wconf 84' lang='lat' dir='ltr'>Senten</span> <span class='ocrx_word' id='word_1_33' title='bbox 821 709 938 773; x_wconf 75' lang='lat' dir='ltr'>sativae</span> 
     </span>
     <span class='ocr_line' id='line_1_7' title="bbox 234 790 935 876; baseline 0.001 -23"><span class='ocrx_word' id='word_1_34' title='bbox 234 812 353 876; x_wconf 88' lang='lat' dir='ltr'>quoque</span> <span class='ocrx_word' id='word_1_35' title='bbox 370 809 471 852; x_wconf 86' lang='lat' dir='ltr'>contra</span> <span class='ocrx_word' id='word_1_36' title='bbox 486 791 671 874; x_wconf 87' lang='lat' dir='ltr'>scorpionum</span> <span class='ocrx_word' id='word_1_37' title='bbox 689 790 778 862; x_wconf 70' lang='lat' dir='ltr'>idus,</span> <span class='ocrx_word' id='word_1_38' title='bbox 801 813 841 852; x_wconf 78' lang='lat' dir='ltr'>ex</span> <span class='ocrx_word' id='word_1_39' title='bbox 850 795 935 873; x_wconf 84' lang='lat' dir='ltr'>vino</span> 
     </span>
     <span class='ocr_line' id='line_1_8' title="bbox 220 869 935 952; baseline 0 -18"><span class='ocrx_word' id='word_1_40' title='bbox 220 891 283 947; x_wconf 64' lang='lat' dir='ltr'>¹nut</span> <span class='ocrx_word' id='word_1_41' title='bbox 329 870 414 947; x_wconf 74' lang='lat' dir='ltr'>osca,</span> <span class='ocrx_word' id='word_1_42' title='bbox 432 871 551 933; x_wconf 87' lang='lat' dir='ltr'>salutare</span> <span class='ocrx_word' id='word_1_43' title='bbox 572 871 622 933; x_wconf 88' lang='lat' dir='ltr'>est.</span> <span class='ocrx_word' id='word_1_44' title='bbox 648 872 758 934; x_wconf 85' lang='lat' dir='ltr'>Radice</span> <span class='ocrx_word' id='word_1_45' title='bbox 778 869 843 952; x_wconf 73' lang='lat' dir='ltr'>ejus</span> <span class='ocrx_word' id='word_1_46' title='bbox 866 878 935 934; x_wconf 88' lang='lat' dir='ltr'>cir·</span> 
     </span>
     <span class='ocr_line' id='line_1_9' title="bbox 235 895 840 1036; baseline -0.002 -21"><span class='ocrx_word' id='word_1_47' title='bbox 235 895 401 1036; x_wconf 61' lang='lat' dir='ltr'>cumidalpti</span> <span class='ocrx_word' id='word_1_48' title='bbox 421 953 545 1026; x_wconf 86' lang='lat' dir='ltr'>dentes,</span> <span class='ocrx_word' id='word_1_49' title='bbox 558 953 659 1014; x_wconf 89' lang='lat' dir='ltr'>dolore</span> <span class='ocrx_word' id='word_1_50' title='bbox 670 951 840 1016; x_wconf 86' lang='lat' dir='ltr'><strong>liberantur.</strong></span> 
     </span>
    </p>

    <p class='ocr_par' dir='ltr' id='par_1_3' title="bbox 214 1031 956 1676">
     <span class='ocr_line' id='line_1_10' title="bbox 244 1031 956 1115; baseline 0.003 -20"><span class='ocrx_word' id='word_1_51' title='bbox 244 1044 248 1055; x_wconf 91' lang='grc'><em>“</em></span> <span class='ocrx_word' id='word_1_52' title='bbox 276 1032 360 1095; x_wconf 83' lang='lat' dir='ltr'><strong>XVI.</strong></span> <span class='ocrx_word' id='word_1_53' title='bbox 380 1031 464 1113; x_wconf 84' lang='lat' dir='ltr'>Syria</span> <span class='ocrx_word' id='word_1_54' title='bbox 480 1036 510 1093; x_wconf 83' lang='lat' dir='ltr'>in&#39;</span> <span class='ocrx_word' id='word_1_55' title='bbox 532 1035 623 1094; x_wconf 85' lang='lat' dir='ltr'>hortis</span> <span class='ocrx_word' id='word_1_56' title='bbox 641 1036 850 1115; x_wconf 89' lang='lat' dir='ltr'>operosissima</span> <span class='ocrx_word' id='word_1_57' title='bbox 865 1033 931 1097; x_wconf 85' lang='lat' dir='ltr'>est:</span> <span class='ocrx_word' id='word_1_58' title='bbox 951 1060 956 1066; x_wconf 95' lang='lat'>·</span> 
     </span>
     <span class='ocr_line' id='line_1_11' title="bbox 214 1111 932 1196; baseline -0.001 -20"><span class='ocrx_word' id='word_1_59' title='bbox 214 1112 218 1121; x_wconf 85' lang='grc'><strong>’</strong></span> <span class='ocrx_word' id='word_1_60' title='bbox 234 1114 363 1195; x_wconf 79' lang='lat' dir='ltr'>indeque</span> <span class='ocrx_word' id='word_1_61' title='bbox 380 1116 569 1196; x_wconf 87' lang='lat' dir='ltr'>proverbium</span> <span class='ocrx_word' id='word_1_62' title='bbox 583 1111 710 1175; x_wconf 75' lang='lat' dir='ltr'>Graecis:</span> <span class='ocrx_word' id='word_1_63' title='bbox 725 1136 744 1168; x_wconf 77' lang='lat' dir='ltr'><strong><em>a</em></strong></span> <span class='ocrx_word' id='word_1_64' title='bbox 755 1112 854 1175; x_wconf 90' lang='lat' dir='ltr'>Multa</span> <span class='ocrx_word' id='word_1_65' title='bbox 867 1115 932 1196; x_wconf 85' lang='lat' dir='ltr'>sy·</span> 
     </span>
     <span class='ocr_line' id='line_1_12' title="bbox 234 1193 930 1277; baseline -0.001 -18"><span class='ocrx_word' id='word_1_66' title='bbox 234 1220 255 1259; x_wconf 79' lang='lat' dir='ltr'>n</span> <span class='ocrx_word' id='word_1_67' title='bbox 272 1216 372 1256; x_wconf 83' lang='lat' dir='ltr'>toturn</span> <span class='ocrx_word' id='word_1_68' title='bbox 399 1195 519 1257; x_wconf 84' lang='lat' dir='ltr'>oleran.</span> <span class='ocrx_word' id='word_1_69' title='bbox 547 1194 726 1256; x_wconf 74' lang='lat' dir='ltr'>simillimam</span> <span class='ocrx_word' id='word_1_70' title='bbox 744 1193 930 1277; x_wconf 73' lang='lat' dir='ltr'>{staphylino</span> 
     </span>
     <span class='ocr_line' id='line_1_13' title="bbox 233 1273 929 1358; baseline 0.001 -21"><span class='ocrx_word' id='word_1_71' title='bbox 233 1276 354 1338; x_wconf 76' lang='lat' dir='ltr'>herbam</span> <span class='ocrx_word' id='word_1_72' title='bbox 376 1273 464 1349; x_wconf 87' lang='lat' dir='ltr'>serit,</span> <span class='ocrx_word' id='word_1_73' title='bbox 491 1297 579 1358; x_wconf 89' lang='lat' dir='ltr'>quam</span> <span class='ocrx_word' id='word_1_74' title='bbox 599 1276 647 1335; x_wconf 89' lang='lat' dir='ltr'>alii</span> <span class='ocrx_word' id='word_1_75' title='bbox 678 1276 828 1358; x_wconf 84' lang='lat' dir='ltr'>gingidion</span> <span class='ocrx_word' id='word_1_76' title='bbox 865 1299 929 1338; x_wconf 85' lang='lat' dir='ltr'>vo·</span> 
     </span>
     <span class='ocr_line' id='line_1_14' title="bbox 234 1353 927 1436; baseline 0 -19"><span class='ocrx_word' id='word_1_77' title='bbox 234 1374 301 1418; x_wconf 83' lang='lat' dir='ltr'>cant</span> <span class='ocrx_word' id='word_1_78' title='bbox 308 1403 319 1431; x_wconf 85' lang='lat'>,</span> <span class='ocrx_word' id='word_1_79' title='bbox 330 1360 442 1418; x_wconf 88' lang='lat' dir='ltr'>tenuius</span> <span class='ocrx_word' id='word_1_80' title='bbox 454 1359 564 1416; x_wconf 75' lang='lat' dir='ltr'>tantiam</span> <span class='ocrx_word' id='word_1_81' title='bbox 576 1359 609 1418; x_wconf 76' lang='grc' dir='ltr'>δι</span> <span class='ocrx_word' id='word_1_82' title='bbox 619 1360 757 1430; x_wconf 83' lang='lat' dir='ltr'>amarius,</span> <span class='ocrx_word' id='word_1_83' title='bbox 768 1353 927 1436; x_wconf 87' lang='lat' dir='ltr'>ejusdem-</span> 
     </span>
     <span class='ocr_line' id='line_1_15' title="bbox 234 1435 928 1522; baseline 0.001 -24"><span class='ocrx_word' id='word_1_84' title='bbox 234 1460 293 1522; x_wconf 88' lang='lat' dir='ltr'>que</span> <span class='ocrx_word' id='word_1_85' title='bbox 307 1435 431 1498; x_wconf 69' lang='lat' dir='ltr'>effedds.</span> <span class='ocrx_word' id='word_1_86' title='bbox 450 1435 656 1497; x_wconf 65' lang='lat' dir='ltr'>Esturcodium</span> <span class='ocrx_word' id='word_1_87' title='bbox 665 1436 846 1519; x_wconf 88' lang='lat' dir='ltr'>crudumque</span> <span class='ocrx_word' id='word_1_88' title='bbox 860 1436 928 1499; x_wconf 87' lang='lat' dir='ltr'>sto·</span> 
     </span>
     <span class='ocr_line' id='line_1_16' title="bbox 235 1515 927 1599; baseline 0.001 -21"><span class='ocrx_word' id='word_1_89' title='bbox 235 1520 330 1579; x_wconf 86' lang='lat' dir='ltr'>machi</span> <span class='ocrx_word' id='word_1_90' title='bbox 352 1515 456 1599; x_wconf 77' lang='lat' dir='ltr'>magnit</span> <span class='ocrx_word' id='word_1_91' title='bbox 475 1517 605 1579; x_wconf 85' lang='lat' dir='ltr'>utilitate.</span> <span class='ocrx_word' id='word_1_92' title='bbox 619 1516 714 1579; x_wconf 87' lang='lat' dir='ltr'>Siccat</span> <span class='ocrx_word' id='word_1_93' title='bbox 732 1520 811 1578; x_wconf 87' lang='lat' dir='ltr'>enim</span> <span class='ocrx_word' id='word_1_94' title='bbox 831 1537 871 1578; x_wconf 84' lang='lat' dir='ltr'>ex</span> <span class='ocrx_word' id='word_1_95' title='bbox 886 1519 927 1579; x_wconf 89' lang='lat' dir='ltr'>al·</span> 
     </span>
     <span class='ocr_line' id='line_1_17' title="bbox 233 1596 647 1676; baseline 0.002 -18"><span class='ocrx_word' id='word_1_96' title='bbox 233 1615 268 1660; x_wconf 87' lang='lat' dir='ltr'>to</span> <span class='ocrx_word' id='word_1_97' title='bbox 288 1619 391 1657; x_wconf 89' lang='lat' dir='ltr'>omnes</span> <span class='ocrx_word' id='word_1_98' title='bbox 417 1596 479 1676; x_wconf 79' lang='lat' dir='ltr'>ejus</span> <span class='ocrx_word' id='word_1_99' title='bbox 500 1599 647 1659; x_wconf 88' lang='lat' dir='ltr'>humores.</span> 
     </span>
    </p>

    <p class='ocr_par' dir='ltr' id='par_1_4' title="bbox 275 1675 926 1751">
     <span class='ocr_line' id='line_1_18' title="bbox 275 1675 926 1751; baseline 0.006 -14"><span class='ocrx_word' id='word_1_100' title='bbox 275 1676 372 1738; x_wconf 91' lang='lat' dir='ltr'>XVII.</span> <span class='ocrx_word' id='word_1_101' title='bbox 388 1675 462 1738; x_wconf 86' lang='lat' dir='ltr'>Siser</span> <span class='ocrx_word' id='word_1_102' title='bbox 481 1682 632 1740; x_wconf 86' lang='lat' dir='ltr'>erraticum</span> <span class='ocrx_word' id='word_1_103' title='bbox 644 1679 735 1740; x_wconf 87' lang='lat' dir='ltr'>sativo</span> <span class='ocrx_word' id='word_1_104' title='bbox 748 1679 841 1740; x_wconf 78' lang='lat' dir='ltr'>simile</span> <span class='ocrx_word' id='word_1_105' title='bbox 860 1679 926 1751; x_wconf 74' lang='lat' dir='ltr'>est‚‘</span> 
     </span>
    </p>
   </div>
   <div class='ocr_carea' id='block_1_3' title="bbox 233 1756 923 1925">
    <p class='ocr_par' dir='ltr' id='par_1_5' title="bbox 233 1756 923 1925">
     <span class='ocr_line' id='line_1_19' title="bbox 235 1756 923 1834; baseline 0 -12"><span class='ocrx_word' id='word_1_106' title='bbox 235 1757 269 1822; x_wconf 71' lang='grc' dir='ltr'><strong>δί</strong></span> <span class='ocrx_word' id='word_1_107' title='bbox 289 1756 411 1821; x_wconf 73' lang='lat' dir='ltr'>effediu:</span> <span class='ocrx_word' id='word_1_108' title='bbox 431 1757 609 1821; x_wconf 83' lang='lat' dir='ltr'>stomachum</span> <span class='ocrx_word' id='word_1_109' title='bbox 630 1762 756 1834; x_wconf 86' lang='lat' dir='ltr'>excitat,</span> <span class='ocrx_word' id='word_1_110' title='bbox 771 1758 923 1823; x_wconf 84' lang='lat' dir='ltr'>fastidiunt</span> 
     </span>
     <span class='ocr_line' id='line_1_20' title="bbox 233 1838 923 1925; baseline 0.006 -25"><span class='ocrx_word' id='word_1_111' title='bbox 233 1838 392 1922; x_wconf 83' lang='lat' dir='ltr'>absterget,</span> <span class='ocrx_word' id='word_1_112' title='bbox 409 1861 446 1899; x_wconf 83' lang='lat' dir='ltr'>ex</span> <span class='ocrx_word' id='word_1_113' title='bbox 462 1860 547 1901; x_wconf 86' lang='lat' dir='ltr'>aceto</span> <span class='ocrx_word' id='word_1_114' title='bbox 567 1841 739 1925; x_wconf 87' lang='lat' dir='ltr'>laserpitiato</span> <span class='ocrx_word' id='word_1_115' title='bbox 756 1841 923 1923; x_wconf 86' lang='lat' dir='ltr'>sumptum,</span> 
     </span>
    </p>
   </div>
   <div class='ocr_carea' id='block_1_4' title="bbox 231 1921 923 2063">
    <p class='ocr_par' dir='ltr' id='par_1_6' title="bbox 231 1921 923 2063">
     <span class='ocr_line' id='line_1_21' title="bbox 231 1921 923 2063; baseline 0.01 -84"><span class='ocrx_word' id='word_1_116' title='bbox 231 1937 283 1990; x_wconf 76' lang='lat' dir='ltr'>aut</span> <span class='ocrx_word' id='word_1_117' title='bbox 302 1929 340 1980; x_wconf 79' lang='lat' dir='ltr'>e&#39;x</span> <span class='ocrx_word' id='word_1_118' title='bbox 359 1923 458 2002; x_wconf 87' lang='lat' dir='ltr'>pipere</span> <span class='ocrx_word' id='word_1_119' title='bbox 479 1922 511 1982; x_wconf 91' lang='lat'>&amp;</span> <span class='ocrx_word' id='word_1_120' title='bbox 531 1921 639 1995; x_wconf 90' lang='lat' dir='ltr'>mulso,</span> <span class='ocrx_word' id='word_1_121' title='bbox 651 1923 701 2002; x_wconf 71' lang='lat' dir='ltr'>qel</span> <span class='ocrx_word' id='word_1_122' title='bbox 711 1944 747 1984; x_wconf 88' lang='lat' dir='ltr'>ex</span> <span class='ocrx_word' id='word_1_123' title='bbox 755 1943 837 2063; x_wconf 56' lang='lat' dir='ltr'>plato.</span> <span class='ocrx_word' id='word_1_124' title='bbox 848 1926 923 1986; x_wconf 85' lang='lat' dir='ltr'>Uri·</span> 
     </span>
    </p>
   </div>
   <div class='ocr_carea' id='block_1_5' title="bbox 160 1999 923 2968">
    <p class='ocr_par' dir='ltr' id='par_1_7' title="bbox 160 1999 923 2968">
     <span class='ocr_line' id='line_1_22' title="bbox 233 1999 922 2081; baseline 0.012 -22"><span class='ocrx_word' id='word_1_125' title='bbox 233 2020 303 2059; x_wconf 84' lang='lat' dir='ltr'>nam</span> <span class='ocrx_word' id='word_1_126' title='bbox 321 2002 398 2074; x_wconf 87' lang='lat' dir='ltr'>ciet,</span> <span class='ocrx_word' id='word_1_127' title='bbox 418 2019 451 2071; x_wconf 80' lang='lat' dir='ltr'>ut</span> <span class='ocrx_word' id='word_1_128' title='bbox 471 1999 740 2081; x_wconf 89' lang='lat' dir='ltr'>Opioncredit‚&amp;</span> <span class='ocrx_word' id='word_1_129' title='bbox 787 2024 922 2069; x_wconf 76' lang='lat' dir='ltr'>onerem.</span> 
     </span>
     <span class='ocr_line' id='line_1_23' title="bbox 233 2077 923 2148; baseline 0.016 -11"><span class='ocrx_word' id='word_1_130' title='bbox 233 2077 267 2138; x_wconf 84' lang='lat' dir='ltr'>in</span> <span class='ocrx_word' id='word_1_131' title='bbox 282 2080 384 2141; x_wconf 85' lang='lat' dir='ltr'>eadent</span> <span class='ocrx_word' id='word_1_132' title='bbox 406 2079 546 2143; x_wconf 75' lang='lat' dir='ltr'>sententid</span> <span class='ocrx_word' id='word_1_133' title='bbox 565 2082 607 2145; x_wconf 94' lang='lat' dir='ltr'>est</span> <span class='ocrx_word' id='word_1_134' title='bbox 624 2086 657 2147; x_wconf 76' lang='grc' dir='ltr'>δι</span> <span class='ocrx_word' id='word_1_135' title='bbox 674 2083 806 2145; x_wconf 85' lang='lat' dir='ltr'>Diocles.</span> <span class='ocrx_word' id='word_1_136' title='bbox 817 2116 822 2128; x_wconf 92' lang='lat'><strong>·</strong></span> <span class='ocrx_word' id='word_1_137' title='bbox 835 2085 923 2148; x_wconf 86' lang='lat' dir='ltr'>Prae-</span> 
     </span>
     <span class='ocr_line' id='line_1_24' title="bbox 232 2161 919 2240; baseline 0.013 -21"><span class='ocrx_word' id='word_1_138' title='bbox 232 2175 313 2226; x_wconf 88' lang='lat' dir='ltr'>terea</span> <span class='ocrx_word' id='word_1_139' title='bbox 338 2161 420 2221; x_wconf 88' lang='lat' dir='ltr'>cordi</span> <span class='ocrx_word' id='word_1_140' title='bbox 438 2166 596 2225; x_wconf 89' lang='lat' dir='ltr'>convenire</span> <span class='ocrx_word' id='word_1_141' title='bbox 625 2165 919 2240; x_wconf 81' lang='lat' dir='ltr'>convalescentium,</span> 
     </span>
     <span class='ocr_line' id='line_1_25' title="bbox 178 2241 921 2328; baseline 0.013 -29"><span class='ocrx_word' id='word_1_142' title='bbox 178 2306 183 2316; x_wconf 16' lang='grc' dir='ltr'>ἱ</span> <span class='ocrx_word' id='word_1_143' title='bbox 233 2256 283 2301; x_wconf 84' lang='lat' dir='ltr'>aut</span> <span class='ocrx_word' id='word_1_144' title='bbox 299 2241 364 2320; x_wconf 91' lang='lat' dir='ltr'>post</span> <span class='ocrx_word' id='word_1_145' title='bbox 386 2243 490 2304; x_wconf 87' lang='lat' dir='ltr'>multas</span> <span class='ocrx_word' id='word_1_146' title='bbox 513 2247 691 2306; x_wconf 75' lang='lat' dir='ltr'>vomitiones</span> <span class='ocrx_word' id='word_1_147' title='bbox 708 2268 848 2328; x_wconf 87' lang='lat' dir='ltr'>perquam</span> <span class='ocrx_word' id='word_1_148' title='bbox 860 2251 921 2308; x_wconf 88' lang='lat' dir='ltr'>uti·</span> 
     </span>
     <span class='ocr_line' id='line_1_26' title="bbox 230 2321 919 2409; baseline 0.007 -25"><span class='ocrx_word' id='word_1_149' title='bbox 230 2321 272 2398; x_wconf 80' lang='lat' dir='ltr'>ie.</span> <span class='ocrx_word' id='word_1_150' title='bbox 291 2321 458 2388; x_wconf 86' lang='lat' dir='ltr'>Heraclides</span> <span class='ocrx_word' id='word_1_151' title='bbox 475 2344 577 2385; x_wconf 87' lang='lat' dir='ltr'>contra</span> <span class='ocrx_word' id='word_1_152' title='bbox 591 2344 742 2409; x_wconf 80' lang='lat' dir='ltr'>argentum</span> <span class='ocrx_word' id='word_1_153' title='bbox 749 2332 852 2389; x_wconf 84' lang='lat' dir='ltr'>vivum</span> <span class='ocrx_word' id='word_1_154' title='bbox 861 2330 919 2389; x_wconf 90' lang='lat' dir='ltr'>de·</span> 
     </span>
     <span class='ocr_line' id='line_1_27' title="bbox 233 2401 919 2492; baseline 0.009 -29"><span class='ocrx_word' id='word_1_155' title='bbox 233 2404 296 2480; x_wconf 85' lang='lat' dir='ltr'>dit,</span> <span class='ocrx_word' id='word_1_156' title='bbox 318 2404 351 2465; x_wconf 87' lang='lat'>&amp;</span> <span class='ocrx_word' id='word_1_157' title='bbox 367 2401 478 2466; x_wconf 90' lang='lat' dir='ltr'>Veneri</span> <span class='ocrx_word' id='word_1_158' title='bbox 497 2404 616 2468; x_wconf 87' lang='lat' dir='ltr'>subinde</span> <span class='ocrx_word' id='word_1_159' title='bbox 634 2405 802 2481; x_wconf 88' lang='lat' dir='ltr'>offensanti,</span> <span class='ocrx_word' id='word_1_160' title='bbox 815 2409 919 2492; x_wconf 61' lang='lat' dir='ltr'>aegris*</span> 
     </span>
     <span class='ocr_line' id='line_1_28' title="bbox 232 2482 917 2570; baseline 0.007 -25"><span class='ocrx_word' id='word_1_161' title='bbox 232 2503 291 2566; x_wconf 85' lang='lat' dir='ltr'>que</span> <span class='ocrx_word' id='word_1_162' title='bbox 302 2482 340 2556; x_wconf 82' lang='lat' dir='ltr'>¹se</span> <span class='ocrx_word' id='word_1_163' title='bbox 356 2485 599 2570; x_wconf 84' lang='lat' dir='ltr'>recolligentibus.</span> <span class='ocrx_word' id='word_1_164' title='bbox 611 2487 745 2549; x_wconf 85' lang='lat' dir='ltr'>Hicesius</span> <span class='ocrx_word' id='word_1_165' title='bbox 762 2489 832 2549; x_wconf 90' lang='lat' dir='ltr'>ideo</span> <span class='ocrx_word' id='word_1_166' title='bbox 852 2490 917 2551; x_wconf 86' lang='lat' dir='ltr'>sto-</span> 
     </span>
     <span class='ocr_line' id='line_1_29' title="bbox 232 2564 916 2652; baseline 0.013 -28"><span class='ocrx_word' id='word_1_167' title='bbox 232 2564 338 2646; x_wconf 79' lang='lat' dir='ltr'>macho</span> <span class='ocrx_word' id='word_1_168' title='bbox 358 2568 429 2628; x_wconf 92' lang='lat' dir='ltr'>utile</span> <span class='ocrx_word' id='word_1_169' title='bbox 443 2570 537 2631; x_wconf 88' lang='lat' dir='ltr'>videri</span> <span class='ocrx_word' id='word_1_170' title='bbox 553 2569 642 2643; x_wconf 84' lang='lat' dir='ltr'>dixit,</span> <span class='ocrx_word' id='word_1_171' title='bbox 660 2571 799 2652; x_wconf 86' lang='lat' dir='ltr'>quoniam</span> <span class='ocrx_word' id='word_1_172' title='bbox 821 2591 916 2634; x_wconf 90' lang='lat' dir='ltr'>nemo</span> 
     </span>
     <span class='ocr_line' id='line_1_30' title="bbox 160 2643 915 2713; baseline 0.013 -12"><span class='ocrx_word' id='word_1_173' title='bbox 160 2677 166 2688; x_wconf 92' lang='lat'>·</span> <span class='ocrx_word' id='word_1_174' title='bbox 232 2658 292 2703; x_wconf 89' lang='lat' dir='ltr'>tres</span> <span class='ocrx_word' id='word_1_175' title='bbox 312 2643 410 2705; x_wconf 89' lang='lat' dir='ltr'>siseres</span> <span class='ocrx_word' id='word_1_176' title='bbox 432 2649 549 2710; x_wconf 89' lang='lat' dir='ltr'>edendo</span> <span class='ocrx_word' id='word_1_177' title='bbox 568 2653 767 2710; x_wconf 84' lang='lat' dir='ltr'>continuaret:</span> <span class='ocrx_word' id='word_1_178' title='bbox 790 2649 847 2713; x_wconf 79' lang='lat' dir='ltr'>esse</span> <span class='ocrx_word' id='word_1_179' title='bbox 868 2670 915 2712; x_wconf 86' lang='lat' dir='ltr'>ta-</span> 
     </span>
     <span class='ocr_line' id='line_1_31' title="bbox 231 2726 916 2796; baseline 0.018 -16"><span class='ocrx_word' id='word_1_180' title='bbox 231 2741 301 2781; x_wconf 79' lang='lat' dir='ltr'>men</span> <span class='ocrx_word' id='word_1_181' title='bbox 312 2726 382 2787; x_wconf 89' lang='lat' dir='ltr'>utile</span> <span class='ocrx_word' id='word_1_182' title='bbox 393 2728 656 2796; x_wconf 82' lang='lat' dir='ltr'>convalescentibus</span> <span class='ocrx_word' id='word_1_183' title='bbox 668 2731 705 2790; x_wconf 91' lang='lat' dir='ltr'>ad</span> <span class='ocrx_word' id='word_1_184' title='bbox 715 2733 812 2793; x_wconf 85' lang='lat' dir='ltr'>vinum</span> <span class='ocrx_word' id='word_1_185' title='bbox 824 2731 916 2792; x_wconf 61' lang='lat' dir='ltr'>trans³</span> 
     </span>
     <span class='ocr_line' id='line_1_32' title="bbox 202 2801 914 2891; baseline 0.022 -32"><span class='ocrx_word' id='word_1_186' title='bbox 202 2815 207 2823; x_wconf 82' lang='grc'><em>·</em></span> <span class='ocrx_word' id='word_1_187' title='bbox 232 2801 373 2868; x_wconf 79' lang='lat' dir='ltr'>euntibus.</span> <span class='ocrx_word' id='word_1_188' title='bbox 395 2805 484 2868; x_wconf 82' lang='lat' dir='ltr'>Sativi</span> <span class='ocrx_word' id='word_1_189' title='bbox 506 2811 639 2891; x_wconf 88' lang='lat' dir='ltr'>privatim</span> <span class='ocrx_word' id='word_1_190' title='bbox 662 2809 760 2872; x_wconf 89' lang='lat' dir='ltr'>succus</span> <span class='ocrx_word' id='word_1_191' title='bbox 781 2832 849 2874; x_wconf 85' lang='lat' dir='ltr'>curn</span> <span class='ocrx_word' id='word_1_192' title='bbox 870 2814 914 2884; x_wconf 55' lang='lat' dir='ltr'>laq</span> 
     </span>
     <span class='ocr_line' id='line_1_33' title="bbox 230 2878 742 2968; baseline 0.021 -24"><span class='ocrx_word' id='word_1_193' title='bbox 230 2878 413 2964; x_wconf 68' lang='lat' dir='ltr'>trecanum</span> <span class='ocrx_word' id='word_1_194' title='bbox 435 2907 523 2968; x_wconf 88' lang='lat' dir='ltr'>potus</span> <span class='ocrx_word' id='word_1_195' title='bbox 546 2889 614 2951; x_wconf 88' lang='lat' dir='ltr'>sistit</span> <span class='ocrx_word' id='word_1_196' title='bbox 633 2891 742 2955; x_wconf 81' lang='lat' dir='ltr'>alvum.</span> 
     </span>
    </p>
   </div>
   <div class='ocr_carea' id='block_1_6' title="bbox 0 0 988 3600">
    <p class='ocr_par' dir='ltr' id='par_1_8' title="bbox 0 0 988 3600">
     <span class='ocr_line' id='line_1_34' title="bbox 0 0 988 3600; baseline 0 1"><span class='ocrx_word' id='word_1_197' title='bbox 0 0 988 3600; x_wconf 95' lang='lat' dir='ltr'> </span> 
     </span>
    </p>
   </div>
  </div>
 </body>
</html>
