1967 3600
258 289 328 393 382
377 290 416 362 c.
441 289 636 360 Puram
661 282 862 353 Nurum·
937 340 940 344 .

256 414 362 477 ecdem
384 408 466 471 aliter
489 403 557 465 alibi
573 417 782 482 nuncupantur.
802 395 927 458 Nascitur

256 494 358 575 opacis
374 487 541 556 montibus,
554 482 636 544 caule
654 483 732 541 iuter
749 477 820 539 folia
832 478 925 559 digito·

258 595 323 637 rum
337 588 473 654 quatuor,
490 564 602 626 ferente
623 563 653 621 in
672 562 825 622 cacumine
843 555 925 619 veluti

257 654 375 717 Graecas
394 666 483 709 nuces
503 660 626 726 quatum
643 658 691 701 aur
711 642 848 723 quinque.
857 634 925 699 Inest

130 751 132 756 ’
259 736 294 796 iis
312 732 408 793 semen
429 722 743 807 copiosum,rubrurn‚
754 722 929 801 nigrumque·

253 814 329 879 Haec
344 808 477 870 medetur
493 806 526 866 δι
536 802 703 864 Faunorum
721 803 752 860 in
771 802 865 882 quiete
887 798 927 857 lu·

254 893 364 955 dibriis.
383 888 554 967 Praepriunt
565 902 666 943 eruere
682 879 783 953 nodus,
797 879 925 960 quoniam

256 977 288 1116 ii)
302 974 383 1067 picus
403 965 662 1106 Mffiigsfidw’
680 961 792 1022 tuendo
809 962 838 1019 iu
858 977 925 1019 ocu-

289 1074 302 1111 s
322 1073 362 1112 rm
385 1066 463 1109 mum
508 1062 575 1105 crat.

296 1131 352 1193 XI.
362 1071 496 1190 l’maces
511 1124 573 1207 ipso
587 1124 707 1185 nomine
721 1122 850 1183 omnium
858 1137 925 1179 mor·

204 1221 207 1227 “
258 1214 368 1276 borum
383 1209 510 1270 remedia
528 1206 688 1287 promittit,
705 1199 883 1263 numerosum
894 1201 923 1259 δι

259 1294 316 1354 diis
327 1288 525 1352 inventoribus
537 1284 720 1367 adscriptum.
733 1282 834 1343 Unum
850 1280 924 1362 quip·

261 1393 300 1457 pe
319 1371 476 1453 Asclepion
505 1369 743 1449 cognominatur,
762 1361 922 1445 quoniamis

261 1454 351 1516 filiam
367 1451 522 1512 Pauaceam
542 1446 708 1529 appellauit.
738 1442 844 1504 Succos
865 1459 922 1501 coa·

263 1533 323 1596 &us
342 1532 441 1593 ferulae
461 1529 575 1611 qualem
593 1528 739 1597 diximus,
759 1524 851 1585 radice
863 1518 923 1581 mul·

263 1616 286 1675 ti
300 1614 415 1675 corticis
433 1612 466 1672 ἃ
478 1608 551 1670 salsi.
564 1607 633 1667 Hac
641 1605 742 1667 evulsis
754 1605 877 1666 scrobem
887 1620 923 1659 re·

263 1694 337 1777 pleri
355 1694 436 1754 vario
453 1709 560 1773 genere
577 1687 692 1769 fruguum
710 1686 814 1769 religio
832 1681 880 1754 est,
894 1698 922 1739 ae

263 1793 346 1839 terrae
367 1775 554 1856 piamentum.
570 1768 646 1840 Ubi,
660 1771 692 1829 dr
707 1786 833 1848 quonam
853 1762 923 1833 fieret

264 1856 376 1926 modo,
390 1855 424 1914 δι
440 1853 525 1934 quale
544 1851 669 1911 manime
686 1850 872 1929 probaretur,
885 1843 922 1902 in·

262 1952 308 1995 ter
323 1933 473 2014 peregrina
491 1933 654 1992 docuimus.
667 1929 702 1989 Id
713 1928 796 2010 quod
809 1947 825 1988 e
838 1923 923 1986 Mace·

262 2013 352 2074 donii
364 2011 511 2086 adfertur,
527 2012 683 2079 bucolicon
694 2025 818 2081 vocant,
826 2023 923 2065 arnum·

259 2096 338 2158 tanis
348 2092 449 2175 sponte
459 2110 660 2173 erumpentem
670 2088 788 2150 succum
797 2086 923 2168 excipien-

261 2177 357 2238 tibus:
372 2175 427 2235 hoc
441 2172 591 2234 celerrime
611 2169 766 2233 evanescit.
784 2169 820 2230 Et
833 2164 923 2226 italiis

261 2274 359 2320 autem
377 2253 530 2337 generibus
543 2253 722 2334 improbatur
742 2246 863 2311 maxime
887 2244 924 2302 ni·

264 2357 347 2477 grupu
362 2333 519 2476 pclmolle.
547 2333 582 2395 Id
600 2335 678 2394 enim
699 2347 867 2414 argumento
889 2319 924 2384 est

264 2439 313 2480 cer
345 2438 361 2475 a
382 2432 503 2476 uterau.

302 2495 370 2559 XII.
390 2494 525 2558 Alterum
533 2515 629 2579 -genus
643 2493 804 2554 Heraclion
815 2491 925 2557 vocant,

265 2578 299 2643 &
315 2579 351 2639 ab
369 2577 497 2638 Hercule
515 2579 664 2637 inventum
682 2567 925 2634 traduntzuliiori·

263 2679 369 2742 ganum
382 2658 616 2719 Heracleoticum
637 2653 787 2726 silvestre,
805 2649 925 2733 quoniam

263 2739 307 2800 ost
326 2741 445 2822 origano
464 2739 578 2817 simile,
595 2737 691 2803 radice
701 2734 814 2799 inutili:
829 2732 865 2795 de
876 2742 925 2811 que

260 2821 383 2900 origano
400 2821 533 2886 diximus·
