1967 3600
235 283 442 356 Hieron.
463 280 536 355 Lu„
558 279 642 356 XX.
713 305 757 385 75

25 464 27 469 .
105 403 152 469 aas
165 398 286 488 prodest,
303 420 369 466 cunt
387 404 460 468 vino
477 399 625 464 redditum
639 406 763 469 vomitu·

25 492 26 501 ’
106 486 148 547 Ac
167 503 311 559 nepcontra
329 505 499 561 araneorum
524 486 650 550 murium
675 504 765 546 vene.

25 608 27 651 q
105 584 191 627 natum
199 566 319 628 nrorsutn
329 566 768 643 valerentirentur‚aconitum,'

25 660 27 697 ἰ
103 648 176 787 quod
193 648 245 709 alio
261 649 378 709 nomine
416 645 607 707 ardalianches
625 663 769 720 vocatur,

124 728 226 790 ebellat:
234 730 305 790 item
317 728 381 808 hyo
393 747 529 808 cyamum
546 750 554 788 ι
574 747 678 787 cauum
690 748 770 788 ntur·

104 807 160 885 sus,
171 811 197 869 in
211 831 271 891 quae
282 808 405 869 vulnera
417 828 485 868 cum
500 808 585 868 tuelle
597 810 768 889 imponitur.

103 888 331 972 Adserpenrium
353 888 472 970 quidem
489 886 559 949 ictus
573 907 676 970 potum
698 909 768 955 curn

104 968 210 1030 restibus
220 967 481 1031 suisefficacissimd
497 989 534 1029 ex
547 970 615 1030 oleo
631 970 767 1042 illinitur,

105 1050 254 1134 adtritisque
282 1070 443 1130 corporum
484 1047 609 1125 artibus,
626 1048 675 1121 uel
697 1052 770 1111 siin

103 1133 203 1192 vesicas
225 1131 423 1203 intumuerint.
489 1132 537 1191 uin
557 1132 589 1192 ὃ(
609 1129 705 1193 suffitu
730 1151 769 1192 eo

107 1211 229 1272 semndas
250 1211 350 1294 paruis
370 1215 491 1277 evocati
510 1209 681 1272 existimavit
700 1212 773 1293 Hip·

105 1310 242 1372 portares:
258 1295 356 1353 cinere
374 1313 476 1353 eorum
496 1310 566 1350 cunr
582 1291 672 1363 oleo,
693 1294 773 1374 capi·

105 1376 137 1432 tis
153 1375 242 1435 ulcera
261 1375 405 1434 manantia
418 1372 529 1435 sanitati
538 1369 697 1433 restituens.
708 1370 774 1435 Susr

104 1455 206 1533 piriosis
228 1452 362 1527 coslum,
381 1452 470 1535 aliqui
493 1451 616 1523 trudunt
635 1451 667 1512 id
686 1451 774 1513 dede.

100 1556 141 1594 re.
169 1534 289 1597 Diocles
311 1535 482 1615 hydropicis
511 1555 578 1597 cum
601 1535 778 1609 centaurio‚‘

103 1617 130 1675 in
139 1613 190 1678 lico
199 1615 306 1696 duplici
318 1616 355 1675 ad
365 1614 560 1677 evacuandam
568 1613 774 1697 alvumtquod

102 1694 236 1758 efficacius
252 1693 370 1777 praestat
385 1697 478 1757 viride
498 1717 564 1756 cum
575 1696 728 1757 coriandro
741 1699 773 1757 in

103 1797 178 1840 mero
198 1795 313 1860 potum.
333 1774 499 1857 suspiriosis
518 1775 605 1859 aliqui
626 1778 774 1840 &tritum

102 1860 130 1919 in
156 1859 225 1921 laste
248 1858 403 1919 dederunt.
429 1857 603 1999 Praxaporas
623 1860 656 1920 &
674 1876 775 1922 contra

104 1942 229 2003 morbum
249 1942 364 2021 regium
384 1939 456 2001 vino
475 1941 515 1999 mi
528 1942 607 2001 cuit:
627 1940 660 2002 &
673 1957 775 2006 contre

104 2020 183 2082 ileum
201 2023 234 2081 in
249 2021 321 2082 oleo
339 2022 374 2082 dt
392 2020 491 2102 pulte:
507 2022 549 2081 sic
567 2020 680 2082 illinens
702 2019 777 2083 stru·

103 2105 153 2161 ntis
175 2122 304 2185 quoque.
320 2098 443 2182 Antiqui
462 2102 495 2163 &
514 2100 715 2164 insanientibus
727 2103 778 2170 dae

104 2180 167 2242 bant
176 2184 311 2245 crudum.
331 2180 455 2244 Diocles
466 2182 641 2263 phreneticis
654 2183 778 2246 elixuma

106 2260 212 2325 Contra
234 2265 350 2345 anginas
367 2264 465 2334 tritum
481 2266 609 2345 imponi,
625 2266 658 2326 δι
677 2284 778 2349 garga·

104 2345 185 2407 tiuare
194 2342 323 2427 prodest.
334 2340 474 2410 Dentiutn
485 2345 621 2407 dolorem
628 2344 720 2406 tribus
730 2363 780 2401 ca·

105 2426 203 2502 pitihus
227 2427 257 2484 in
275 2441 358 2484 aceto
375 2427 448 2492 tritis
461 2428 621 2496 imminuit,
634 2423 684 2483 vel
695 2423 720 2480 si
732 2420 779 2482 de·

107 2504 173 2566 roffi
190 2505 268 2588 aqud
287 2505 463 2576 colluantur,
481 2505 661 2583 addaturque
688 2499 780 2644 ipsum

108 2582 137 2641 iu
152 2608 222 2649 cava
241 2586 384 2646 dentium.
405 2583 532 2651 Auribus
558 2583 645 2644 etiam
664 2582 693 2646 io
719 2583 780 2646 illa·

110 2678 149 2722 tur
166 2666 267 2729 succus
284 2686 354 2727 curn
369 2664 455 2747 adipe
471 2663 624 2727 anserino:
646 2662 779 2746 phthiria-

106 2740 147 2804 ses
162 2748 196 2810 &
213 2748 378 2828 porrigines
393 2764 513 2826 potum,
526 2744 621 2808 tusum
630 2745 699 2808 item
711 2767 779 2810 cum

105 2825 780 2970 aceto&nitro.conpescit·.distillaDtionescurn

383 2949 386 2954 .
639 2928 658 2989 ,J
