1967 3600
231 289 293 367 ·'42
348 275 387 347 C.
410 272 837 345 PnrnrrNArvrt.

238 393 375 465 lactucae,
388 395 421 456 &
442 393 532 474 magis
550 390 650 452 intubi.
671 389 734 452 Seri
748 392 837 453 etiam
853 393 948 456 radi-‘

243 497 296 538 ces
310 476 393 536 illitas
419 470 490 532 simo
509 469 646 544 interest,
663 473 697 534 &
715 473 822 552 repleri
845 474 947 535 abla-

268 556 352 617 ueatai
364 555 464 614 humo.
485 549 618 630 Quidam
638 552 672 613 &
692 552 771 613 aliter
791 556 947 634 amplitu-

239 579 344 698 dinem
353 650 476 716 augent:
491 634 605 706 recisis,
621 634 734 693 eumad
745 631 945 714 semipedem

237 717 442 787 excreverint,
459 711 588 796 fimoque
601 712 685 775 suillo
706 716 815 774 recenti
835 715 944 776 illitis.

240 796 412 858 Candorem
424 796 498 857 vero
527 810 609 854 urant
619 797 786 876 contingere
797 796 832 854 iis
845 796 945 858 dum·

235 891 321 937 taxat
338 898 403 959 quae
425 878 481 936 sint
497 817 612 936 sdminis
640 874 717 946 albi,
735 877 759 934 si
777 895 870 936 arena
898 878 943 939 de

228 956 329 1017 *litore
350 978 367 1016 a
383 959 479 1039 primo
500 958 681 1016 incremento
697 973 876 1037 congeratur
906 961 939 1018 in

236 1037 374 1112 medias,
395 1055 480 1119 arque
492 1035 677 1098 increscentia
686 1035 755 1098 folia
765 1054 873 1099 contra
885 1040 941 1122 ip-

244 1117 287 1179 sas
307 1119 471 1200 religentur.

257 1228 259 1237 ¹
285 1197 348 1260 XL.
374 1199 444 1260 Beta
468 1199 682 1260 hortensiorum
707 1197 855 1258 levissima
878 1198 938 1261 esi.

236 1277 321 1360 Ejus
336 1300 454 1363 quoque
474 1302 491 1340 a
511 1280 613 1341 colore
634 1280 694 1340 duo
733 1299 820 1339 encta
838 1279 940 1343 Grae·

244 1363 273 1423 ci
297 1359 423 1433 faciunt,
441 1361 576 1441 nigrum,
597 1361 701 1421 &can
723 1360 821 1433 idius‚
868 1360 936 1423 uod

242 1441 418 1523 praeferunt,
436 1441 601 1519 parcissimi*
615 1438 748 1500 seminis:
764 1383 936 1522 appellant·

268 1542 303 1581 ue
314 1519 457 1589 Siculum,
468 1520 600 1579 candoris
610 1516 674 1578 sane
685 1519 847 1581 discrimine
858 1544 939 1604 prae·

238 1543 372 1662 ¹serentes
390 1600 585 1661 &laetatam
605 1599 705 1660 Nostri
723 1602 798 1661 betae
819 1622 937 1683 genera

237 1679 374 1756 iaciunt,
387 1701 511 1742 vernum
528 1682 561 1742 &
578 1682 759 1753 autumnale,
772 1703 793 1741 a
808 1699 935 1765 tempo·

239 1762 326 1823 ¹ribus
344 1761 439 1835 latis,
459 1781 633 1846 quamquam
655 1763 688 1824 &
704 1763 789 1825 Junio
815 1760 936 1827 seritur.

240 1842 470 1905 ··Transseruntur
485 1860 582 1903 autem
596 1846 625 1902 in
640 1844 736 1924 planti
751 1844 795 1904 11ae
807 1866 935 1929 quoque

235 1926 282 1986 ⁴&
297 1924 389 1985 oblini
401 1923 473 1983 fimo
485 1924 595 1984 radices
615 1922 698 1998 suas,
719 1926 877 2008 locumque
894 1930 937 1987 si·

246 2005 355 2068 militer
375 2004 522 2065 madidum
542 2020 645 2065 amant.
666 2004 741 2066 Usus
764 2009 798 2065 iis
813 2009 846 2067 &
859 2027 934 2068 cum

245 2085 323 2145 lente
337 2107 370 2146 ac
379 2084 465 2159 sabi,
476 2085 613 2166 idemque
629 2088 679 2168 qui
690 2088 778 2146 oleris
790 2108 797 2145 ι
811 2088 844 2147 &
853 2109 934 2168 prae·

245 2166 368 2246 cipuus,
390 2182 421 2225 ut
439 2165 540 2226 lenitas
555 2168 694 2226 excitetur
713 2169 871 2228 acrimonid
891 2172 934 2230 si·

238 2266 282 2316 lna
303 2246 337 2305 is.
370 2244 481 2306 Medici
510 2249 709 2306 nocentiorem
739 2246 824 2327 quim
844 2248 932 2322 olus,

246 2346 264 2388 e
287 2346 303 2386 e
310 2323 486 2407 judicavere.
498 2324 702 2403 Quamobrem
712 2326 856 2406 adpositas
867 2351 932 2392 non

238 2409 392 2470 memini:
416 2403 565 2490 degustare
592 2408 680 2466 etiam
699 2406 801 2487 religio
823 2406 866 2469 est
873 2451 882 2481 ‚
899 2427 932 2472 ut

246 2490 351 2551 validis
370 2490 465 2569 potius
485 2490 516 2547 in
533 2486 599 2547 cibo
620 2488 687 2548 sint.
698 2484 825 2547 Gemina
833 2490 869 2549 iis
879 2513 931 2552 na·

243 2584 329 2643 tura,
348 2571 382 2630 δι
402 2571 512 2642 oleris,
528 2570 561 2630 &
576 2571 668 2649 capite
688 2568 749 2650 ipso
770 2570 929 2632 exsilientia

247 2649 328 2710 bulbi
338 2671 345 2709 :
355 2648 464 2730 species
475 2650 585 2709 summa
597 2651 627 2711 iu
639 2649 794 2711 latitudine.
806 2650 847 2710 Ea
859 2672 930 2711 con·

246 2728 348 2807 tingit,
366 2744 397 2789 ut
416 2730 446 2786 in
466 2726 597 2797 lactucis,
616 2730 684 2789 cium
708 2733 850 2810 coeperint
876 2752 927 2793 co·

240 2803 341 2869 dorent
364 2807 501 2883 trahere,
526 2808 663 2889 imposito
699 2809 759 2875 levi
784 2811 926 2898 pondere·
