1967 3600
208 226 276 320 178
335 227 372 298 C:
395 228 784 297 PnrurrNaruic.

204 348 242 409 ri)
254 367 315 408 non
329 345 492 408 discernunt
510 367 528 405 a
544 346 651 427 cypiro
671 348 823 409 vicinitate
835 350 904 411 nod

204 430 302 494 minis.
325 424 614 508 Nosdistiitguemus
636 444 803 510 utrumque.
821 428 895 512 Cy.

227 513 286 570 irus
296 508 337 569 est
346 507 486 589 gladiolus
496 550 506 579 ,
515 523 547 567 ut
559 507 699 581 diximus,
711 510 808 570 radice
819 510 904 571 bul--

204 532 295 663 iasa,
309 589 517 651 laudatissimus
534 588 565 646 in
583 586 679 649 insulis
694 587 799 662 Creti,
818 591 894 653 dein

206 670 314 744 Naxo,
324 671 357 732 δι
373 667 473 749 postea
482 670 512 728 in
521 667 668 731 Phoenice.
686 667 806 731 Cretico
820 693 897 733 can·

203 753 260 816 dor
276 750 410 832 odorque
422 750 535 830 vicinus
547 750 655 825 nardo,
666 750 762 813 Naxio
774 756 904 829 acrior,

203 832 355 893 Phoenicio
376 833 421 890 exi
443 831 512 890 uiim
526 827 653 911 spirans,
664 831 758 892 nullus
771 833 893 915 AEgyp·

202 918 256 976 tio.
273 911 352 972 Nam
371 913 404 975 dt
420 851 461 972 iiii
475 909 607 972 nascitur.
626 909 752 973 Discutit
768 913 897 975 duritias-

204 1005 373 1088 corpntum.
401 991 463 1053 Jam
484 993 564 1052 enim
589 992 889 1055 remediadicemus:

203 1096 343 1159 quoniam
363 1076 395 1135 ὃ(
415 1074 522 1133 tiorum
538 1073 720 1156 odorumque
732 1079 834 1157 generi
847 1075 898 1139 est‘

203 1177 324 1317 magnus
344 1152 410 1215 usus
430 1156 460 1214 in
478 1153 642 1214 medicina.
811 1197 814 1201 -
848 1183 854 1190 -

280 1235 340 1298 uod
361 1235 398 1296 ad
415 1237 546 1317 cypiron·
559 1238 686 1309 attinet,
711 1234 890 1318 Apollodo-

205 1339 271 1381 tum
288 1316 408 1400 quidem
429 1316 547 1397 sequar,
563 1319 613 1397 qui
635 1337 673 1377 ne
693 1316 758 1377 abat
780 1316 896 1379 biben·-

205 1401 294 1461 dum:
308 1418 481 1478 quamquam
501 1394 671 1478 profcffuse
704 1400 899 1460 cautissimum.-

205 1479 263 1543 effe
280 1481 417 1540 adversus
434 1477 579 1549 calculos,
598 1498 632 1538 os
652 1498 690 1538 eo
712 1476 805 1540 fovet.
826 1479 899 1542 Fe·-

204 1562 291 1624 rninis
313 1559 431 1643 quidem
447 1558 564 1618 abortus
584 1556 679 1619 facere
690 1580 750 1620 non
762 1560 888 1624 dubitat.

204 1642 372 1721 Mitumque
391 1639 499 1712 tradit,
515 1638 786 1701 barbaros-suffitum
799 1641 898 1721 hujus.

202 1722 301 1785 herbae
318 1723 498 1804 excipientes
507 1740 579 1793 ote,
596 1721 685 1782 stenes
696 1721 895 1786 consumere:w

202 1808 238 1867 dt
258 1825 318 1864 non
338 1803 438 1885 egredi
458 1803 617 1875 domibus,-
630 1805 685 1863 nisi
702 1804 738 1864 ah
753 1805 811 1865 hoc
829 1805 887 1864 suf·

201 1883 254 1946 fitu
263 1887 443 1965 :vegetiores
456 1885 534 1942 enim
543 1882 787 1966 firmioresquesic
798 1888 897 1947 etiarn.

141 1986 147 1995 ‘
201 1965 313 2024 indies
334 1962 405 2025 fieri.
426 1962 644 2046 Intertriginurn
661 1967 693 2028 δι
711 1965 821 2026 alarum
840 1971 887 2028 vi·

202 2048 265 2118 tiis,
279 2043 568 2127 perstitiionihusque
583 2067 650 2109 cunt
668 2046 737 2108 oleo
758 2048 867 2110 illitum
873 2091 897 2123 ‚‚

199 2147 263 2190 non
288 2126 374 2186 dubie
393 2127 515 2187 mederi.
583 2166 584 2169 =
835 2168 839 2173 -

187 2217 189 2219 ’
243 2206 336 2269 LXX.
358 2205 386 2268 C
430 2203 617 2295 erosjuncus
640 2204 896 2291 est,qualiterdi·.-

119 2350 127 2356 a
204 2289 318 2360 rrimus,
333 2308 409 2371 angu
441 2287 594 2365 sus31uxta
611 2307 716 2349 terram
726 2291 866 2352 candidus
874 2334 896 2361 ,.

202 2371 351 2433 cacumine
364 2367 650 2455 niger‚pinguisque.
661 2370 742 2431 Folia
751 2374 811 2434 ima
820 2393 885 2453 por·
947 2433 952 2441 ,

201 2457 293 2514 raceis
313 2452 447 2523 exiliora,
460 2454 490 2512 in
509 2456 658 2512 cacumine
673 2453 800 2525 minuta,
812 2457 894 2513 inter·

202 2553 268 2613 quae
286 2530 328 2593 est
351 2532 457 2596 senten.
477 2534 571 2596 Radix
590 2534 678 2593 ulivae
697 2534 787 2614 nigrae
807 2537 893 2594 simi*

201 2613 253 2686 lts,
266 2633 368 2695 quam,
392 2617 459 2675 cum
469 2612 890 2697 oblongaest,cyperidavn·

202 2701 288 2768 aaut,
309 2697 405 2778 magni
425 2697 454 2754 in
475 2694 712 2759 medicinausus.
736 2693 815 2756 Laus
833 2716 891 2774 cy·-

201 2791 274 2859 geto
295 2778 387 2856 prima
403 2775 633 2848 Hammoniaco,
647 2773 783 2839 secunda
796 2776 885 2842 Rbus
