1967 3600
51 328 53 333 >
172 279 270 356 lits
286 289 628 370 ron.Lib.XX111.
679 318 748 397 309

77 406 138 469 aren
159 398 220 481 ejus
237 405 371 466 medetur
390 406 557 491 sauguinem
580 414 750 480 exscreami·

74 480 132 544 bus.
151 481 226 545 item
247 503 347 546 contra
367 486 471 571 fungos
491 494 522 552 in
540 495 612 556 vino
633 518 749 578 potunt.

77 560 203 624 Odorem
223 566 281 624 oris
296 569 482 630 commendat
492 572 541 634 vel
558 577 651 653 pridie
668 599 749 638 com·

76 643 281 708 manducatum.
300 644 375 707 Item
387 652 462 730 apud
480 651 676 716 Menandrum
691 656 750 740 Sy-

76 721 212 784 naristosae
230 723 287 786 hoc
309 727 408 790 edunt.
424 726 518 792 Datur
535 734 567 796 δι
585 735 752 816 dysenteri-

76 803 113 861 cis
131 804 240 866 denarii
263 808 394 886 pondere
409 810 439 867 in
456 814 538 872 vino.
562 813 667 876 Ulcera
691 817 749 879 dif-

20 886 22 953 f
78 878 155 943 licilia
177 886 208 944 in
231 887 458 949 extremitatibus
491 897 622 973 corporis
647 896 746 973 finnt,

20 964 22 1037 ζ
76 981 135 1022 cum
151 965 224 1025 vino
244 964 491 1030 subfervefadium.
519 969 748 1060 Impuniturlip-

76 1043 189 1123 pitudini
201 1065 270 1105 cum
302 1047 416 1123 olenti,
427 1051 603 1114 &cardiacis
612 1059 642 1115 in
655 1076 745 1119 mam·

76 1123 118 1183 ml
131 1123 260 1187 sinistra:
277 1067 424 1190 drcontra'
442 1128 599 1213 scorpionis
618 1135 686 1196 icius
712 1139 744 1200 in

21 1206 22 1211 ’
77 1221 171 1266 meror
194 1205 228 1267 δι
244 1206 281 1265 ad
301 1211 406 1270 vesicae
432 1213 524 1285 vitia,
539 1232 572 1273 ca
594 1216 641 1274 itis
660 1216 745 1278 dolo·

20 1286 22 1357 Q
76 1300 132 1355 res,
155 1286 189 1346 δι
206 1285 367 1368 aegilopas,
388 1305 542 1372 antequam
570 1236 744 1376 llrppurentr

20 1414 22 1425 .
75 1362 140 1423 item
163 1365 343 1429 tumoribus:
360 1369 554 1452 exemptisque
583 1375 691 1436 nucleis
714 1377 746 1438 iu

75 1442 141 1505 'rino
161 1461 264 1506 vetere
285 1449 384 1509 tritum
413 1452 611 1530 eruptionibus
629 1456 748 1534 pituitae‘.

20 1544 22 1579 ;
76 1518 176 1584 succus
194 1523 307 1587 seminis
327 1528 425 1589 alvum
442 1529 533 1605 sistit,
552 1535 661 1595 urinam
678 1537 747 1598 ciet.

72 1599 121 1664 Ad
139 1607 303 1687 eruptiones
333 1607 522 1689 pusularum,
550 1616 740 1696 pituitaque,

77 1702 136 1744 cum
155 1703 253 1746 cerato
269 1688 400 1750 illinitur:
412 1692 444 1751 bc
465 1707 566 1752 contra
586 1695 745 1778 phalangia.

77 1760 214 1846 Capillum
224 1767 362 1851 denigrat.
372 1769 476 1831 Lenius
490 1770 574 1832 succo
594 1774 692 1836 oleum
704 1775 746 1840 est

75 1862 110 1904 ex
124 1847 224 1908 eidem
243 1868 362 1929 myrto:
384 1851 473 1912 lenius
494 1853 528 1915 δι
545 1854 667 1929 vinum,
685 1879 745 1939 quo

76 1929 402 2070 mmqustinebriffumr'
416 1931 611 2073 inveteratptm
623 1936 693 2077 sistp
698 1938 745 2079 1pl·

76 2022 142 2067 vum
236 2029 323 2069 omae
363 2030 547 2074 mttormma
573 2035 657 2091 anat,
680 2039 696 2078 a
721 2042 745 2080 ι·

76 2083 149 2147 dium
168 2088 213 2148 abi
235 2090 266 2149 't.
284 2089 432 2152 Foliorum
443 2096 582 2153 arentium
597 2095 687 2157 farina
696 2096 744 2159 su·

74 2164 155 2229 dores
174 2108 292 2230 coffibet
310 2168 450 2252 inspersa,
466 2174 517 2233 vel
534 2174 563 2231 iu
582 2173 663 2235 febri.
674 2177 743 2238 Uti·

75 2245 109 2306 lis
121 2250 152 2309 ὃ(
164 2249 306 2324 coeliacis,
322 2252 356 2311 δι
375 2253 560 2332 procidentiae
573 2254 743 2338 vulvarum,

75 2322 144 2388 sedis
159 2331 253 2402 vitiis,
264 2329 403 2394 ulceribus
424 2335 617 2409 manantibus,
636 2336 696 2416 igni
707 2337 744 2395 sa

75 2426 124 2467 cro
149 2408 230 2482 fotu,
253 2410 359 2491 capillis
383 2412 554 2484 fluentibus,
570 2412 743 2475 furfuribus:

75 2486 141 2547 item
157 2489 218 2549 aliis
231 2492 447 2570 eruptionibus,
459 2490 602 2551 ambonis.
618 2491 744 2556 Additur

73 2570 744 2734 llll⁰2llel‘l‘tlissr‘0n‘il0ldl'l?li·

142 2693 152 2721 2
732 2695 744 2727 2

74 2723 296 2791 efficacissimum
315 2732 351 2791 ad
367 2752 477 2813 eaquae
488 2732 518 2791 in
533 2730 656 2791 humore
667 2729 743 2807 sunt,
768 2776 774 2794 ‚

73 2819 213 2893 tamquam
226 2814 259 2874 in
277 2831 332 2876 ote
348 2811 381 2882 δι
398 2812 500 2877 vulva
517 2807 599 2874 Folia
606 2810 665 2896 ipsa
678 2811 744 2885 fua,-
