1967 3600
149 277 387 384 ‘Hlsrom
406 279 480 355 Lib.
503 281 626 356 XXV.
674 229 745 387 4²l

78 471 81 481 Ι
114 394 179 461 CV.
196 396 342 459 Dentibus
355 399 484 462 remedio
501 399 564 462 sunt
578 405 692 484 panacis
705 426 751 466 ta·

79 477 122 539 dix
141 477 397 552 commanducata,
417 482 564 563 precipue
585 481 754 559 Chironiae,

79 561 141 626 item
157 557 257 620 succus
279 558 412 621 collutis:
428 560 510 621 radix
528 562 702 644 hyoscyami
716 586 752 625 ex

78 657 157 700 aceto
169 638 355 712 manducata,
372 642 442 701 item
458 641 647 703 Polemonia.
660 643 754 706 Com·
870 661 873 666 ⁴

77 719 279 782 manducantur
305 718 338 781 δι
359 720 526 804 plantaginis
549 722 662 784 radices
702 740 754 785 aut

78 801 237 861 colluuntur
255 801 284 858 in
305 817 390 861 aceto
408 800 534 863 decodlae
545 801 643 865 succo.
660 769 753 878 litto

78 878 111 938 lia
129 879 192 941 suut
212 879 372 952 utilia,vel
385 879 553 963 sisanguine
584 886 591 900 '
613 886 688 966 givae
699 906 753 967 pu·

77 959 202 1021 inescant.
222 958 329 1020 Semen
354 958 482 1039 ejusdem
501 982 558 1043 apo
582 982 694 1035 emata,
717 967 751 1027 &

77 1040 454 1123 collediionesgingivamm
474 1039 561 1101 sanat.
572 1042 608 1103 Et
619 1043 753 1106 aristolo-

76 1120 134 1181 chia
155 1122 286 1203 gingivas
306 1118 463 1202 dentesque
482 1120 643 1185 consirmat.
672 1124 754 1185 Ver·

76 1200 179 1262 benaca
197 1221 266 1261 cum
283 1199 380 1261 radice
390 1201 687 1276 commanducata,&
700 1205 753 1265 de-

76 1281 153 1343 cosli
171 1301 211 1342 ex
232 1282 303 1341 vino
327 1297 376 1341 aut
389 1299 473 1343 aceto
500 1280 599 1342 succus
621 1282 754 1347 collums.

75 1351 146 1422 ltem
161 1359 355 1443 quinquefolii
371 1361 498 1436 radices,
514 1362 640 1423 decosiae
650 1362 686 1422 ad
695 1379 753 1423 tet·

15 1481 17 1520 3
76 1442 125 1502 'tias
141 1445 217 1503 vino
233 1460 283 1502 aut
301 1458 394 1502 aceto.
414 1440 494 1503 Prius
509 1444 583 1505 verb
602 1442 753 1524 qudmde·

15 1577 16 1580 ψ
76 1521 757 1681 inminentium{silut

77 1680 139 1743 dam
156 1685 258 1743 cinere
287 1681 479 1763 quinquefolii
508 1681 610 1743 fricare
635 1682 754 1744 malunt.

76 1759 111 1824 Et
131 1758 264 1825 verbasci
284 1751 366 1821 radix
387 1761 557 1842 decoquitur
574 1764 605 1822 in
624 1765 695 1824 vino
716 1762 754 1823 ad

75 1843 246 1905 ‘colluendos
264 1841 374 1903 dentes.
389 1840 558 1923 Ethyffopo
570 1842 749 1915 colluunmt,

76 1920 107 1985 ¹&
120 1922 283 2006 peucedani
294 1921 399 1998 succo,
411 1943 478 1984 cum
489 1925 643 1985 meconio:
656 1922 705 1985 vel
713 1944 757 1982 ta-

75 2002 169 2065 dicum
183 2003 347 2084 anagallidis
362 2007 451 2085 magis
471 2003 586 2065 seminat
602 2004 752 2081 succo,ab

75 2083 163 2145 alterd
185 2101 271 2153 nate,
283 2083 371 2164 quim
391 2085 512 2155 doleat,
534 2085 637 2145 infuso.

75 2237 78 2243 ι
114 2161 201 2227 CVI.
217 2163 359 2244 Erigeron
374 2182 390 2222 a
405 2160 507 2221 nosiris
528 2179 650 2222 vocatur
671 2164 756 2225 sene·

75 2244 130 2307 cio.
143 2244 231 2304 Hanc
252 2245 276 2301 si
291 2240 370 2302 ferto
383 2239 624 2322 circumscriptam
634 2238 755 2301 effodiat

74 2324 199 2407 aliquio,
219 2328 372 2404 tangatque
392 2320 426 2382 ei
444 2321 579 2394 dentem,
591 2322 624 2383 &
640 2319 757 2381 alternis

74 2422 118 2466 tet
139 2402 287 2484 despuat,
309 2423 343 2462 ac
360 2423 390 2463 re
412 2418 482 2462 onat
500 2405 531 2461 in
549 2401 686 2462 eumdem
712 2399 759 2459 lo·

75 2506 163 2559 cum,
185 2486 226 2543 ita
245 2499 277 2542 ut
294 2484 375 2544 vivat
389 2423 507 2554 derha,
534 2484 612 2540 aiunt
640 2481 759 2541 dentem

74 2585 145 2627 eum
167 2560 270 2644 postea
285 2582 346 2625 non
364 2561 530 2623 doliturum.
550 2560 650 2620 Herba
659 2558 700 2620 est
711 2559 759 2617 tri·

73 2637 760 2801 {stillstillis-¹{lisgtlll‘llsii‘

131 2748 141 2784 1
248 2768 255 2783 .
586 2764 597 2793 ,
746 2751 761 2769 ·

78 2807 130 2870 ria.
150 2803 271 2868 Nomen
285 2803 342 2869 hot
352 2800 448 2867 Gracci
465 2801 626 2877 dederunt,
637 2800 762 2885 quiart-
