1967 3600
166 287 392 365 ursron.
406 295 479 378 ij.
492 297 611 373 XXV.
659 327 738 407 405·

48 404 172 487 majoris
192 408 274 469 radix
295 409 431 473 drachma
448 416 478 475 in
497 420 559 479 vini
582 419 638 482 albi
657 445 739 506 eya·-

49 487 102 547 this
117 488 231 550 tribus:
249 487 393 554 Gentiana
422 500 570 579 praecipue¹
592 501 731 566 adversus

49 579 181 652 angues,
202 568 312 630 duabus
339 572 480 636 drachmis
499 599 564 639 curn
579 584 680 661 pipere
697 575 735 648 &⁴

31 649 128 721 nni,
149 651 212 708 vini
230 652 343 731 cyathis
365 652 431 727 sex,
448 658 511 717 sive
529 661 649 737 viridis,
668 668 733 727 sive
784 732 788 737 ,

49 730 130 788 sicca.
154 726 193 789 Et
203 728 394 810 Lysimachiae
407 734 529 799 odorem
540 739 660 823 fugiunt.
670 743 732 806 Da-

49 823 94 867 rur
111 828 152 869 ex
172 810 243 869 vino
264 816 404 892 percussis
429 817 599 882 chelidonia.
621 823 738 900 Morsiq'

49 886 101 948 bus
131 891 295 970 imponitur
314 891 471 957 Vettonica
500 903 664 982 praecipud,
682 907 730 967 cui

50 969 92 1028 vis
111 973 197 1029 tanta
213 969 395 1051 perhibetur,
423 994 454 1036 ut
479 978 593 1040 inclusae
619 984 729 1048 circulo

50 1045 110 1127 ejus,
129 1049 176 1109 ser
198 1067 296 1126 entes,
307 1053 374 1134 ipsae
384 1051 442 1116 sese
457 1058 619 1122 interimant
633 1064 734 1146 hagel-s

48 1127 146 1191 lando.
169 1071 266 1191 fletur
286 1132 322 1192 ad
341 1133 410 1195 idus
428 1134 526 1197 semen
544 1137 606 1219 ejus
621 1143 728 1207 denarii

48 1210 183 1289 pondere
198 1232 265 1271 cum
280 1212 370 1274 tribus
389 1236 405 1274 c
429 1217 501 1277 athis
519 1219 601 1279 vini:
618 1223 668 1283 vel
685 1223 734 1300 fa·}

6 1358 7 1373 χ
47 1291 108 1349 rina
126 1290 272 1351 drachmis
289 1293 379 1354 tribus
398 1237 519 1359 lixtario
537 1319 618 1383 aquae
630 1304 736 1382 imposv

6 1382 7 1403 i
48 1371 133 1432 nitur.
159 1369 348 1452 Cantabrica,
373 1374 569 1452 diciamnum,
596 1380 734 1445 aristolo··

47 1450 128 1512 chia:
145 1452 252 1512 radicis
269 1452 403 1515 drachma
420 1459 450 1517 in
468 1461 529 1519 vini
546 1459 660 1544 henrind¹
676 1462 730 1525 sae·

47 1533 111 1611 pius
126 1531 265 1593 bibenda.
284 1531 403 1596 Prodest
424 1538 457 1598 δι
476 1538 548 1599 illita
569 1561 606 1601 ex
621 1562 704 1605 aceto
716 1552 734 1607 ε’

48 1611 182 1673 similiter
201 1612 391 1694 plistolochia.
403 1614 485 1695 Quin
499 1621 660 1684 &omnino
673 1623 728 1683 sus·

48 1691 137 1771 pensa
153 1690 238 1773 supra
254 1691 355 1756 focum
375 1692 488 1780 fugate
507 1700 641 1765 domibus
663 1702 732 1766 ser-

68 1791 166 1835 entes.
495 1841 497 1844 Α

46 1791 67 1855 P
96 1851 182 1915 LVI.
199 1872 228 1935 9.
249 1854 429 1939 Argemonia
460 1879 602 1946 quoque,
629 1866 729 1930 radice
806 1864 809 1865 ⁷

46 1929 108 2012 ejus
135 1933 243 1995 denarii
255 1938 385 2017 pondere
402 1942 432 2000 in
451 1945 511 2004 vini
537 1945 649 2027 cyathis
673 1951 729 2008 tri-⁴

46 2011 101 2085 bus
126 2014 209 2095 poth.
229 2014 313 2076 Plura
331 2019 370 2092 de
388 2020 424 2081 eil
444 2029 582 2086 convenit
592 2027 665 2103 dici,
679 2039 731 2091 cei

45 2091 175 2177 terisque
184 2116 249 2177 quae
266 2101 392 2179 primiim
400 2104 678 2167 nominabunturcin
687 2128 726 2187 eo

46 2176 148 2245 autern
166 2196 271 2258 genere
293 2178 430 2238 medendi
441 2184 566 2262 primhm
584 2187 731 2248 nominari

46 2275 220 2338 quamque,
239 2258 270 2317 in
289 2278 349 2340 quo
364 2261 488 2321 maxime
510 2262 628 2324 valebit.
645 2263 730 2346 Folia

46 2334 156 2411 habet,
170 2337 264 2418 qualia
280 2357 436 2415 anemone,
446 2341 536 2404 divisa
549 2344 730 2425 aplimodo,³

45 2432 137 2499 caput
145 2418 177 2476 in
185 2417 325 2479 cauliculo
336 2425 488 2502 papaveris
496 2423 645 2496 silvestris,
654 2427 728 2487 item

44 2499 190 2559 radicem.
218 2496 341 2560 Succum
361 2502 441 2579 croci
455 2501 556 2562 colore
575 2522 671 2564 acrem
693 2506 728 2566 δι

44 2595 178 2653 acutunn
200 2577 333 2639 Nascitur
355 2583 389 2643 &
410 2585 441 2641 in
462 2582 539 2642 arvis
562 2583 639 2663 apud
663 2592 731 2661 nosl

44 2656 151 2720 Nostri
167 2659 222 2719 tria
243 2679 349 2741 genera
368 2659 429 2741 ejus
444 2659 570 2734 faciunt,
590 2664 623 2724 δι
634 2662 665 2722 id
674 2664 730 2734 de-[

44 2725 132 2803 trium
147 2739 289 2880 llwbm'
308 2738 389 2822 cujus
410 2741 491 2801 radix
506 2742 572 2803 thus
587 2741 731 2809 redoleat«⁸

86 2818 144 2899 LV
177 2817 353 2904 ,Agaricon
377 2836 409 2903 ut
435 2820 539 2905 fungus
559 2818 730 2899 nascitur-iu=

166 2892 172 2899 .,
