1967 3600
224 222 300 305 f420
336 209 388 282 .C.
416 207 595 280 Pururr
614 207 805 280 Nrrun.
887 259 889 263 -

229 334 304 394 vior.
324 328 368 390 Ex
390 327 458 388 albo
477 327 553 387 mala
570 342 679 388 matura
694 329 724 387 in
738 326 898 390 umbri'sic·

229 429 338 474 cantur.
355 407 462 469 Suetus
479 428 516 468 err
530 410 564 466 iis
577 404 656 467 Sole*
669 407 820 472 densatur:
835 412 898 470 item

229 492 334 554 radicis
347 486 434 561 tusae,
448 488 498 549 vel
515 488 545 546 in
561 485 638 548 vino‘
650 489 734 570 nigro
753 489 791 548 ad
809 492 897 549 tertias

232 570 370 646 decoslae.
390 568 472 629 Folia
490 565 638 628 servantur
651 571 680 627 in
697 570 788 629 mutii
811 568 898 630 effica-

233 654 312 724 olrs,
329 647 395 709 aliis
424 649 584 707 recentium
611 646 710 709 succus
738 648 822 729 pestis
842 648 897 710 est:

233 733 276 794 sic'
284 737 400 811 quoque
409 729 502 787 noxia
511 729 599 788 vires.
611 726 807 790 Gravedinem
817 727 896 790 etiarn

215 808 361 874 ‚adserunt
380 805 506 868 olfaslu:
524 828 700 890 quamquam
716 811 786 870 mala
802 811 831 867 in
851 808 897 867 ali·

204 907 210 912 ·
233 890 335 971 quibus
343 889 425 950 terris
435 887 721 962 manduntur,nimio
729 907 818 949 tamen
827 889 896 952 odn-

231 991 263 1031 re
284 965 485 1029 obmutescunt
496 968 596 1049 ignari.
621 968 695 1029 Potu
713 970 824 1052 quidem
840 967 891 1028 lar·

231 1051 314 1133 giore
334 1050 420 1109 etiam
438 1052 607 1109 moriuntur.
626 1046 680 1108 Vis
695 1048 835 1111 somnifica
843 1057 891 1127 pro

232 1129 342 1192 viribus
369 1128 540 1189 bibentium.
574 1126 675 1188 Media
700 1134 784 1210 potio
807 1127 891 1208 cyatbi

233 1210 329 1272 unius.
351 1208 462 1269 Bibitut
472 1209 615 1274 &contra
628 1206 794 1290 serpentes,
808 1211 837 1270 ὃ(
849 1217 904 1288 ψ’

234 1309 266 1351 te
280 1288 416 1351 sesliones
436 1286 660 1370 punslionesque
671 1334 682 1363 ,
692 1310 730 1352 ne
747 1285 891 1352 sentiantur.

235 1369 297 1432 Ob·
307 1371 368 1433 baec
383 1368 449 1430 satis
467 1367 508 1429 est
525 1369 665 1449 aliquibus
674 1369 803 1432 somnum
810 1370 889 1430 odore

234 1449 371 1543 quaesiss'e.
389 1448 500 1515 Bibitur
518 1450 550 1510 &
590 1470 623 1509 ro
643 1450 775 1511 elleboro
792 1449 889 1509 duobus

234 1530 329 1592 obolis
349 1551 378 1589 m
395 1528 498 1592 mulso.
579 1532 672 1590 catius
691 1531 842 1593 elleborum
856 1525 887 1587 ad

230 1610 431 1756 miriones,
450 1612 483 1673 &
502 1609 538 1670 ad
546 1609 647 1691 ‘bilem
674 1613 784 1693 nigram
809 1627 889 1671 extra·

216 1735 218 1740 .
270 1712 288 1749 n
310 1711 369 1752 am.

275 1769 372 1832 XCV.
391 1767 493 1836 Cicuta
512 1791 630 1854 quoque
649 1769 884 1851 venenumestpu·

231 1851 308 1912 blici
327 1851 549 1914 Atheniensium
565 1855 657 1935 poenai‘
672 1857 778 1930 invisa,
789 1848 885 1913 adnu-

231 1946 262 1990 ta
281 1946 377 1991 tamen
395 1931 462 1993 ustis
482 1952 542 1992 non
557 1937 721 1998 omittendi.
741 1932 885 1998 Semcnlta·

195 2058 197 2063 ,
231 2010 283 2071 bet
295 2009 423 2073 noxium.
444 2010 542 2072 Caulis
556 2031 656 2076 autem
672 2018 705 2078 &
719 2015 813 2078 viridis
825 2009 886 2072 estur

231 2111 252 2153 a
265 2086 407 2172 plerisque
423 2093 455 2154 ὃ(
467 2093 498 2151 in
515 2095 633 2175 patinis.
647 2095 742 2159 Laevis
762 2099 802 2157 bic
812 2093 885 2229 &gei

218 2168 389 2246 niculatus,
408 2188 438 2233 ut
457 2173 575 2245 calami,
588 2177 747 2256 nigricans,
762 2178 834 2238 altior

220 2271 272 2391 ¹ge
290 2252 362 2312 binis
377 2254 497 2323 cubitis,
509 2255 539 2314 in
551 2258 746 2319 cacuminibus
764 2250 883 2316 ramosus:
957 2304 958 2307 ,

247 2330 303 2392 olia
319 2333 461 2393 coriandri
485 2337 647 2407 teneriora,
666 2342 749 2418 gravi
765 2336 883 2398 odoratu:

232 2411 330 2473 semen
350 2411 434 2472 aneso
447 2415 584 2475 crassius:
600 2416 682 2476 radit
694 2406 888 2480 concavarssul·

234 2492 290 2553 lius
314 2492 391 2555 mus.
418 2491 527 2554 Semini
542 2497 575 2556 &
593 2494 669 2556 soliis
700 2490 887 2580 refrigeratoria

234 2574 297 2632 vis:
319 2592 393 2652 quos
411 2592 530 2647 enecat,
549 2577 690 2658 incipiunt
705 2572 887 2660 algereabex·

231 2653 423 2715 tremitatibus
435 2655 575 2736 corporis.
586 2655 731 2719 Remedio
744 2657 798 2729 est,
814 2645 888 2731 prius·
951 2650 957 2677 ¹

217 2750 318 2819 ullam
337 2738 487 2817 perveniat
499 2736 536 2799 ad
546 2737 658 2815 vitalia,
671 2740 731 2805 vini
742 2753 838 2799 natura
847 2746 889 2789 er·

945 3174 959 3525 r
