1967 3600
233 264 278 343 po
329 241 364 313 C.
391 241 814 334 ParnrrNArun.

249 364 338 424 lanta:
355 361 408 421 vel
425 362 452 420 si
469 359 599 420 noudum
630 359 923 444 erminapudpongia·

226 385 328 505 lituus
344 441 405 502 haec
421 439 541 500 humido
554 378 670 523 gaudet.
683 438 793 502 AEstale
809 443 921 517 viret,

227 525 326 586 hieme
341 518 476 582 flavescit.
497 518 599 580 Genus
612 523 675 599 ejus
686 519 817 582 siluestre
830 543 923 584 men-

228 599 412 666 tastrumest.
435 599 478 661 Et
489 600 547 661 hoc
561 617 758 741 propagatur,
776 619 810 663 ut
826 605 921 679 vitis,

225 684 279 749 vel
297 686 321 743 si
337 683 445 742 inversi
462 683 534 741 rami
574 695 698 742 eraurur'.
727 680 840 742 Mentae
859 705 923 746 no-

226 784 296 826 men
308 761 429 823 suavitas
438 762 539 822 odoris
549 762 625 843 apud
635 761 757 824 Graecos
767 767 919 839 mutavit,

225 848 295 906 cum
317 844 427 926 alioqui
447 843 558 903 mintha
573 859 746 915 vocaretur,
762 843 841 904 unde
859 865 921 905 no·

226 924 404 986 stri'nomen
432 922 654 986 declinaverant.
675 922 768 984 Grato
796 924 919 987 mensas

227 1006 323 1067 odore
346 1007 487 1086 percurrit
508 1005 539 1064 in
559 1002 670 1065 rusticis
693 1003 828 1084 dapibus.
859 1003 920 1066 Se·

226 1087 287 1148 mel
310 1083 390 1158 sata,
412 1084 523 1145 diutini
541 1101 623 1145 atate
646 1085 739 1145 durat.
766 1081 920 1167 Congruit

225 1162 468 1308 iliiss’sssli:
477 1166 793 1306 tiil'inliiiimll‘
818 1166 919 1309 ²523:

227 1343 333 1389 uantur
352 1267 439 1387 simili
456 1346 586 1409 genere,
599 1266 834 1400 mentatuqdichl
856 1349 919 1410 pu·,

225 1409 415 1548 legiumpue,
432 1408 464 1470 &
479 1423 624 1487 nepetam.

269 1488 336 1551 Con
357 1490 535 1548 imentorum
552 1504 650 1547 tamen
675 1489 806 1548 omnium
832 1485 917 1549 fasti·

224 1570 283 1631 diis
311 1569 458 1629 cuminum
487 1569 703 1629 amicissimum.
730 1566 865 1628 Nascitur
883 1572 916 1631 in

217 1648 340 1711 'summi
353 1648 455 1709 tellure
475 1651 527 1709 vix
549 1648 679 1722 haerens,
695 1649 727 1709 &
745 1650 775 1707 in
787 1646 915 1711 sublime

226 1728 360 1792 tendent.
381 1729 416 1790 ln
458 1729 556 1789 utridis
569 1729 710 1791 &calidis
722 1729 847 1790 maxime
866 1729 916 1791 lo·

227 1814 289 1883 cis,
309 1811 409 1873 medio
429 1750 582 1871 idrendum
596 1829 676 1871 vere.
691 1809 826 1871 Alterum
847 1810 915 1892 ejus

104 1902 111 1911 ‘
250 1912 321 1953 enus
338 1887 468 1952 silvestre
482 1891 563 1973 quod
576 1890 711 1953 rusticum
724 1908 832 1952 vocant
842 1934 853 1965 ,
864 1892 914 1954 alii

228 1913 431 2034 lhebaicum:
454 1973 479 2031 si
506 1975 604 2032 tritum
622 1992 659 2032 ex
675 1971 749 2053 aqud
813 1986 915 2049 tetur,

226 2055 258 2114 in
277 2054 381 2114 dolore
411 2051 550 2113 stomachi
570 2050 695 2134 prodest.
716 2051 750 2112 In
812 2071 915 2131 rpeta-

118 2172 120 2175 >
227 2133 276 2195 nid
294 2132 382 2196 nostri
400 2133 479 2195 orbis
497 2135 621 2195 maximi
633 2132 781 2194 laudatur:
801 2132 914 2215 alioqui

227 2216 327 2277 AEthio
349 2217 396 2274 ico
417 2213 578 2297 Africoque
598 2214 693 2296 palma
707 2211 757 2294 est.
776 2211 914 2293 Quidam

176 2359 179 2362 .
228 2238 352 2358 huicrd
396 2297 487 2378 ptium
505 2293 669 2377 praeferunt.

232 2415 237 2426 ·
268 2307 405 2438 valll.
421 2369 480 2436 Sed
495 2376 639 2457 praecipue
658 2373 814 2436 olusatrum
827 2374 913 2437 mirae
941 2385 944 2389 ⁴

227 2473 336 2520 nature
355 2455 405 2518 est.
423 2454 644 2599 Hipposelinum
664 2453 760 2517 Graeci
779 2474 915 2532 vocant,

227 2540 277 2599 alli
295 2539 462 2620 smyrnium.
527 2537 644 2599 lactimd
661 2537 748 2597 caulis
764 2534 804 2597 sui
821 2535 912 2596 nasci·

225 2623 282 2680 ru'r.
303 2617 410 2679 Seritur
431 2621 465 2680 ὃ(
485 2619 593 2680 radice.
613 2617 738 2679 Succum
760 2615 823 2697 ejus
843 2616 912 2677 col-

224 2698 478 2780 ligunt5rnyrrhae
504 2697 634 2778 saporem
661 2697 768 2758 habere
797 2696 912 2760 dicunt.¹

226 2776 395 2862 Audorque
407 2776 449 2843 est
464 2775 701 2862 Theophrastus,
722 2776 844 2862 myrrha
866 2775 910 2839 sa·
