1967 3600
232 244 281 322 92
332 225 367 294 C.
389 224 568 293 ‘Prrntr
593 222 782 292 Narvn.

232 362 299 405 cem
318 362 385 404 cum
395 343 467 403 vino
480 340 556 401 dulci
572 341 736 422 propinant.
753 337 880 401 Eadem
905 341 943 401 in

233 442 318 484 aceto
336 422 454 484 decosla
470 437 570 481 contra
593 421 798 501 elephantiasin
819 442 821 445 ’
827 419 943 500 profi·

235 507 285 567 cit.
302 503 449 586 Asparago
459 503 528 561 trito
540 500 651 562 exoleo
661 496 837 581 perunslum
851 522 943 582 pun·

158 625 161 631 -
237 587 266 671 gi
287 584 322 643 ab
344 606 360 643 a
382 584 443 642 ibus
466 599 582 663 negant.
910 626 913 631 »
968 618 972 625 ·

274 605 380 724 xLsss
398 660 565 723 Silvestrem
586 661 621 722 as
638 683 757 744 atagum
769 661 806 721 ali
831 663 867 722 ui
882 662 941 722 Li·

234 744 345 823 bycum
364 760 489 815 vocant,
507 742 597 803 Attici
615 686 797 804 dormenum.
862 741 938 822 ujus

233 824 272 883 ad
286 822 369 904 supra
384 823 458 884 disla
475 825 572 883 omnia
582 821 725 884 efficacior
737 825 798 894 vis,
810 823 850 884 ὃ(
865 845 938 883 can·

234 903 341 963 didiori
359 904 462 984 major.
486 903 611 986 Regium
625 905 760 964 morbum
770 921 938 964 extenuat.

233 980 358 1044 Veneris
373 984 457 1046 causi
476 1005 578 1066 aquam
597 1005 699 1045 eorum
711 981 870 1044 decoslam
881 984 934 1044 bi-

202 1118 204 1122 .
233 1063 266 1124 bi
286 1062 388 1143 jubent
408 1064 445 1127 ad
463 1065 617 1125 heminam.
641 1064 692 1124 Ad
718 1064 797 1125 idem
816 1065 856 1126 δι
884 1064 933 1125 se·

234 1165 304 1209 men
326 1147 404 1209 valet
425 1166 492 1206 cum
513 1145 643 1216 anetho,
663 1147 749 1205 ternis
769 1143 874 1204 utrius
891 1166 930 1207 ue

235 1225 341 1288 obolis.
359 1225 453 1287 Datur
472 1227 505 1287 δι
524 1227 561 1286 ad
580 1224 751 1305 serpentium
769 1223 845 1286 isius
864 1167 931 1286 suc-

235 1328 287 1369 cus
302 1305 446 1368 decoslus.
465 1306 560 1366 Radix
576 1306 709 1366 miscetur
720 1305 810 1366 radici
826 1327 930 1366 mara·

235 1388 291 1448 thri
309 1389 382 1448 inter
406 1386 599 1448 efficacissima
620 1387 731 1447 auxilia.
754 1383 929 1469 Si‘smgms

235 1488 288 1550 per
310 1470 421 1527 urinam
441 1466 593 1540 reddatur,
608 1465 707 1526 semen
726 1465 878 1550 asparagi,
892 1470 927 1529 &

235 1550 310 1627 apii,
323 1549 355 1608 &
374 1548 480 1607 cumini
498 1549 585 1606 ternis
606 1547 701 1606 obolis
720 1549 749 1606 in
763 1549 828 1606 vini
849 1569 924 1629 cya-

236 1629 292 1693 this
319 1628 451 1701 duobus,
469 1628 563 1708 quinis
588 1628 708 1700 diebus,
729 1624 924 1710 Chrysippus

235 1707 296 1767 dari
314 1704 405 1788 jubet.
434 1706 529 1768 Sic&
547 1708 717 1790 hydropicis
740 1711 923 1769 contrarium

235 1785 450 1872 elle‚-quamvis
460 1789 569 1851 urinam
580 1807 714 1863 moveat,
725 1788 827 1852 docet:
847 1793 924 1850 item

234 1867 354 1929 Veneri.
372 1868 483 1931 Vesicae
502 1890 643 1953 quoque,
665 1869 921 1946 nbissdecoslum:

233 1970 300 2088 puae
316 1970 389 2031 aqua
408 1953 431 2011 si
454 1951 570 2010 canibus
589 1951 691 2024 detur,
718 1949 811 2012 bccidi
845 1970 920 2012 eos:

250 2050 267 2087 n
288 2030 359 2090 vino
379 2029 505 2091 decoslae
532 2031 632 2092 radicis
660 2031 797 2107 succum,
817 2032 845 2091 si
867 2051 920 2092 ore

233 2112 436 2184 contineatur,
453 2112 588 2172 dentibus
609 2113 727 2173 mederi.
817 2170 819 2172 ,

275 2189 382 2251 XLIV.
402 2213 446 2253 11.
468 2190 549 2274 Apio
577 2194 666 2276 gratia
690 2195 719 2252 in
746 2191 840 2274 vulgo
867 2189 921 2253 est.'

234 2269 370 2352 Namque
390 2273 461 2334 rami
477 2272 561 2355 largis
582 2273 762 2353 portionibus
783 2293 837 2354 per
855 2271 920 2355 jura

233 2353 377 2425 innatant,
405 2354 437 2414 &
462 2353 491 2412 in
518 2353 710 2415 condimentis
738 2353 916 2435 peculiarem
979 2369 980 2422 t

203 2435 353 2516 ,gratiam
361 2432 475 2495 habent.
486 2431 627 2496 Praeterea
635 2436 725 2497 oculis
734 2435 840 2495 illitum
850 2447 917 2496 cum
979 2433 980 2496 3

232 2515 344 2587 melle,
360 2516 400 2575 ita
417 2532 448 2575 ut
465 2513 582 2577 subinde
609 2515 762 2577 foveantur
786 2513 915 2576 ferventi

232 2590 468 2669 succedemus,
491 2596 605 2679 aliisque
630 2596 829 2658 membromm
851 2596 914 2677 epi·

176 2727 178 2732 .
232 2674 350 2751 phoris:
368 2674 467 2755 perse
488 2679 601 2745 tritum,
619 2694 668 2736 aut
678 2698 744 2737 cum
755 2673 914 2757 pane,vel

228 2753 351 2834 polenta
379 2755 564 2839 impositum,
586 2756 659 2818 mird
679 2758 838 2819 auxiliatur.
853 2751 913 2818 Pis-

438 3469 443 3488 Ι
729 3425 981 3599 ..ΝΛ

200 3593 311 3599 ..dfflw
326 3589 369 3599 „ma
375 3586 523 3599 ..afr-mim
531 3582 645 3599 :sunu-J
650 3577 727 3599 uu!
