1967 3600
222 329 289 423 148
343 320 380 402 C.
403 326 568 400 Pr‘r'urr
590 323 778 398 Nrruit.

213 451 294 513 'Alba
309 446 370 510 lilia
388 443 488 509 iisdem
518 447 654 508 omnibus
678 447 775 507 modis
801 443 910 509 seron·

214 549 281 604 tur,
300 528 408 613 quibus'
422 527 503 588 rosa:
521 529 554 590 &
570 528 628 588 hoc
645 528 767 610 amplisu
781 526 909 591 lacrima

215 612 283 685 sud,
301 628 331 672 ut
348 607 582 690 hipposelinum:
597 608 725 690 nihilque
736 607 785 669 est
801 608 909 671 secun'·

214 692 295 762 dius,
307 689 362 750 und
381 689 477 748 radice
499 692 717 770 quinquagenos
727 687 801 770 saepe
814 692 907 751 emit·

214 776 294 833 rente
312 768 427 830 bulbos.
448 766 498 830 Est
516 772 550 831 &
568 770 675 829 rubens
695 768 803 859 lilium,
816 769 905 851 quod

207 850 310 913 'Graeci
328 851 429 910 crinon
441 867 562 911 vocant.
581 848 641 909 Alii
657 850 762 910 florem
774 869 864 927 ejusc
890 881 904 900 ·

213 930 393 992 northodon.
421 930 661 992 Laudatissimum
673 932 703 989 in
717 929 862 990 Antiochi
890 970 903 1004 ‚

101 1070 104 1074 „
212 1015 253 1073 ὃς
274 1009 420 1076 Laodicea
445 1008 539 1092 Syriae
551 1054 561 1082 ,
582 1031 653 1071 mox
681 1012 712 1068 in
737 1007 902 1073 Phaselide.

210 1089 364 1173 Quartum
386 1090 484 1151 locum
495 1093 608 1152 obtinet
625 1092 654 1151 in
669 1088 749 1150 ltalia
765 1089 902 1154 nascens.

253 1170 321 1232 XII.
343 1170 416 1232 Sunt
436 1173 469 1234 ὃ(
488 1190 632 1253 purpurea
648 1171 722 1255 lilia,
740 1169 899 1253 aliquando

213 1255 332 1336 gemino
353 1251 451 1324 caule,
470 1255 634 1313 carnosiore
654 1254 765 1312 tantiam
781 1251 898 1324 radice,

211 1330 387 1415 majorisque
405 1332 509 1407 bulbi,
541 1330 591 1393 sed
614 1334 721 1393 uniusz
743 1331 898 1394 narcissum

214 1430 333 1475 vocant.
355 1412 448 1495 Hujus
464 1413 584 1474 alterum
620 1433 690 1472 enus
708 1412 781 1473 flore
798 1413 897 1473 candi-

214 1494 274 1567 do,
290 1494 391 1572 calyce
421 1503 577 1574 purpureo.
635 1491 776 1553 ‘fferentia
792 1514 810 1553 a
830 1494 898 1555 liliis

214 1574 257 1634 est
274 1576 307 1636 &
323 1574 403 1646 haec,
420 1573 502 1655 quod
516 1574 647 1634 narcissis
665 1572 736 1633 solia
754 1575 784 1632 in
798 1574 897 1635 radice

214 1652 647 1736 sunt,probatissimisinLyciae
655 1652 811 1715 montibus.
821 1652 898 1715 Ter·

215 1737 257 1794 tio
273 1735 372 1817 generi
383 1751 480 1795 cetera
492 1734 615 1808 eadem,
625 1735 712 1817 calyx
727 1734 899 1798 herbaceus.¹

207 1813 332 1877 'Omnes
347 1815 469 1878 serotini.
488 1814 555 1876 Post
572 1814 726 1877 Ardurum
746 1818 824 1876 enirn
843 1816 898 1887 slot

114 1901 116 1904 ’
214 1911 301 1966 rent,
321 1917 354 1956 ac
394 1916 425 1956 er
444 1895 647 1977 aequmodium
666 1913 846 1958 autumnum.

256 1972 339 2036 XllI.
363 1918 485 2038 diventa
505 1974 547 2037 est
563 1978 596 2038 &
609 1977 640 2036 in
657 1976 700 2037 his
720 1978 795 2037 ratio
815 1976 896 2039 insc-

209 2056 315 2131 rendi,
327 2054 508 2117 monstrificis
519 2057 668 2117 hominum
678 2058 809 2140 ingeniis.
818 2057 897 2121 Col·

208 2137 342 2219 'ligtmtur
359 2157 484 2219 namque
505 2135 603 2199 mense
624 2136 704 2199 lulio
721 2136 795 2220 scapi
817 2136 896 2200 ares·

216 2233 331 2288 centes,
342 2216 399 2277 lilia
419 2216 894 2299 uesuspendunturinfumo.D'ein

205 2296 388 2360 'nudantibus
399 2239 437 2358 le
451 2298 584 2373 nodulis,
603 2299 634 2358 in
647 2298 719 2360 faece
732 2301 803 2381 nigri
811 2302 892 2373 vini,

205 2377 266 2441 'vel
285 2373 399 2450 Graeci,
419 2377 517 2439 mense
532 2378 641 2439 Martio
657 2385 893 2453 macerantur,m

204 2460 347 2521 «colorem
364 2460 542 2541 percipiant,
560 2477 647 2543 atque
659 2462 698 2521 ita
706 2462 736 2519 in
746 2459 892 2521 scrobicu-

213 2540 249 2600 lis
258 2538 402 2614 seruntur‚
418 2540 541 2601 heminis
554 2538 632 2601 faecis
643 2540 828 2602 circumfusis.
844 2539 892 2601 Sic

203 2617 287 2681 stunt
304 2640 450 2702 purpurea
461 2621 534 2682 lilia:
551 2623 730 2705 mirumque,
741 2623 832 2704 tingui
840 2621 892 2692 ars,

211 2701 305 2779 quid,
319 2716 351 2760 ut
367 2699 497 2761 nascatur
514 2700 658 2762 insedum.
875 2739 877 2745 ·

252 2776 335 2839 XIV.
349 2780 378 2842 6.
395 2779 491 2842 Violis
499 2780 593 2843 honos
604 2782 762 2864 proximus.
769 2780 890 2843 Earum·

196 2865 268 2938 ‘que
289 2859 372 2939 plura
393 2879 511 2943 genera.
538 2861 712 2946 Purpurea,
729 2861 891 2938 luteaesal-
