1967 3600
149 379 151 384 μ
249 275 298 382 ’90
349 280 802 352 ΟΡιιΝιιΝΑτυη.
905 335 917 373 ,

250 403 529 466 medicamentorum
545 401 693 461 introitum
712 399 822 482 pellere
838 402 949 467 tradit:

290 485 354 545 XL.
365 481 505 543 Ceterum
513 481 594 542 bulbi
602 502 640 542 ex
649 498 734 542 aceto
745 483 777 541 &
790 480 837 542 sul
864 484 945 545 hure

249 563 416 628 vulneribus
440 565 469 621 in
487 560 562 622 facie
580 563 744 623 medentur.
762 558 820 622 Per
838 504 873 624 le
886 585 947 627 ve·

250 649 285 707 rb
303 646 360 705 triti
377 662 537 704 nervorum
555 641 740 704 contrailioni
750 687 760 715 ,
778 644 812 705 &
835 664 877 704 ex
897 648 945 704 vi·

250 747 290 786 no
309 724 462 807 porrigini:
483 743 550 784 cum
568 725 678 797 melle,
698 744 802 784 canum
829 728 945 785 morsi·

249 806 323 866 bus:
342 802 508 866 Erasistrato
520 803 614 886 placet
633 825 700 865 cunr
716 806 794 886 pice.
813 802 942 888 Sangui·

248 905 317 945 nem
333 886 412 945 idem
437 905 489 946 eos
515 883 613 946 sistere
637 886 726 946 tradit
748 884 841 945 illitos
868 907 942 945 cum

247 965 346 1027 melle.
367 965 428 1026 Alii
445 969 469 1026 si
486 986 504 1026 e
521 966 733 1038 naribusfluat‚
745 967 940 1028 coriandrum

167 1074 170 1078 ⁸
249 1047 284 1106 δι
303 1046 421 1107 farinam
440 1045 588 1127 adjiciunt.
599 1046 775 1107 Theodorus
793 1049 830 1109 ὃ(
846 1047 940 1108 liche·

247 1148 300 1188 nas
318 1149 355 1187 ex
373 1145 457 1189 aceto
481 1128 577 1188 bulbis
597 1147 697 1188 curat:
716 1128 749 1189 &
771 1147 940 1210 erumpen-

249 1209 337 1269 tia'in
353 1210 465 1291 capite,
481 1229 549 1267 cum
569 1209 640 1270 vino
658 1207 769 1269 austero
791 1227 847 1270 aut
864 1230 936 1270 ovo.

250 1287 289 1350 Et
317 1289 423 1351 bulbos
446 1290 595 1372 epiphoris
613 1289 694 1350 idem
713 1289 823 1364 illinit,
840 1290 874 1350 δι
896 1292 938 1350 sic

242 1370 416 1452 lippitudini
439 1371 585 1431 medetur.
600 1369 696 1451 AEqul
713 1372 863 1451 vitiaquae
874 1369 937 1430 sunt

250 1453 280 1511 in
297 1450 388 1524 facie,
401 1471 502 1512 eorum
521 1451 656 1511 rubentes
674 1451 820 1523 maxime,
833 1454 866 1511 in
879 1449 935 1510 So-

250 1532 279 1592 le
294 1531 355 1590 illiti
372 1552 439 1591 curn
455 1531 542 1591 rirelle
554 1533 672 1593 &nitro
684 1533 861 1593 emendant:
876 1532 936 1592 len

251 1613 372 1693 tigiuem
386 1632 452 1672 cum
461 1614 534 1673 vino
542 1656 552 1684 ‚
564 1629 612 1672 aut
622 1614 736 1672 cucumi
750 1612 849 1675 cocio.
863 1611 933 1672 Vul-

249 1692 366 1752 neribus
387 1713 505 1775 quoque
525 1693 598 1752 mire
614 1691 854 1789 prosuntperse‚
867 1710 932 1761 aut,

249 1788 282 1832 ut
304 1769 454 1847 Damion,
472 1793 508 1834 ex
525 1771 638 1849 mulso,
655 1776 679 1835 si
694 1792 797 1858 qurnto
815 1776 866 1837 die
880 1774 932 1835 sol

248 1855 362 1914 vantur'.
378 1852 482 1914 lisdem
506 1855 538 1915 &
556 1856 693 1917 auriculas
710 1855 814 1916 froilas
837 1872 930 1926 curat,

247 1934 284 1994 δι
299 1933 414 1994 testium
431 1935 556 2016 pituitas.
577 1934 611 1995 In
637 1937 824 1997 articulorum
845 1936 932 2012 dolo·

246 2012 328 2074 ribus
351 2013 622 2077 miscent'fariuam.
650 2017 685 2078 ln
705 2020 776 2078 vino
803 2018 879 2079 coffi
899 2013 930 2076 ili

248 2094 290 2154 liti
311 2097 428 2167 ventri,
447 2096 581 2156 duritiam
598 2100 827 2179 praecordiorum
842 2096 931 2160 emol·

248 2175 332 2236 liunt.
351 2172 553 2257 Dysentericis
577 2180 608 2237 in
627 2182 698 2241 vino
720 2200 757 2241 ex
775 2182 855 2263 aqui
874 2198 929 2238 cae·

248 2254 312 2317 lesti
327 2272 489 2337 temperato
520 2259 631 2319 dautur.
653 2260 704 2320 Ad
726 2261 868 2323 convulsa
890 2260 929 2317 in·

246 2352 312 2409 tus,
329 2357 399 2396 cum
418 2337 524 2418 silphio
547 2339 643 2421 pilulis
659 2340 733 2402 fabae
753 2338 929 2425 magnitudi-

248 2437 296 2479 ne.
317 2418 365 2478 Ad
375 2417 509 2479 sudorem
522 2421 579 2480 tusi
586 2419 742 2485 illinuntur.
752 2423 864 2485 Nervis
874 2420 928 2480 uti⁴

248 2499 306 2560 les:
317 2499 385 2562 ideo
394 2502 426 2562 &
433 2500 597 2583 paralyticis
606 2502 715 2564 dantur.
725 2504 836 2565 Luxata
841 2505 871 2563 in
879 2519 928 2583 pe·

248 2579 334 2641 dibus
343 2624 353 2653 ,
361 2584 411 2662 qui
420 2581 483 2643 sunt
496 2577 551 2643 rufi
560 2603 596 2644 ex
608 2584 671 2659 his,
684 2586 821 2647 citissime
834 2584 926 2644 sanant

247 2681 315 2719 cum
331 2662 417 2723 melle
438 2663 471 2721 δι
489 2662 555 2724 sale.
573 2664 720 2726 Venerem
732 2660 925 2726 maximeMe·

268 2741 335 2799 arici
356 2738 525 2801 stimulant:
549 2744 708 2818 hortensii,
746 2764 839 2808 artum
862 2757 924 2804 cum

276 2819 314 2900 pa
333 2839 381 2882 aut
405 2820 485 2904 pallo
502 2821 624 2905 sumpti:
643 2768 805 2906 silvetlres,
824 2829 924 2887 intera·
