1967 3600
212 266 281 363 *122
334 287 371 362 C.
396 287 582 359 Prrrrrr
603 288 804 358 Nnrun.

212 408 466 472 manducaturum
483 406 570 468 melle
590 404 676 466 sanat.
699 402 746 465 Sic
761 402 915 468 &infans

210 496 285 552 tium
302 492 422 552 cerebro
433 484 607 569 imponitur,
618 486 816 568 umbilicoque
828 509 914 568 pro·

213 572 313 633 ciduo.
336 569 369 630 In
390 569 536 650 epiphoris
548 569 622 628 verb
639 568 786 640 omnium,
799 565 914 629 fronte

213 647 447 734 temporibusque
457 669 524 708 cum
534 649 662 731 polenti.
672 646 730 708 Sed
742 650 811 730 ipsis
824 669 908 708 ocu·

213 732 269 804 lis,
283 751 299 790 e
317 728 388 790 laete
403 730 436 790 &
449 729 546 789 melle.
566 727 696 800 Eadem,
712 730 735 787 si
748 729 915 808 procidant

214 812 311 882 oculi,
328 809 406 870 soliis
421 811 492 870 tritis
504 829 571 869 cum
583 809 737 868 corticibus
747 807 832 868 fabae.
846 808 911 870 Pu-

213 890 292 952 stulis
310 911 377 950 cunr
398 889 561 970 polentd&
574 888 629 950 sale
647 889 679 949 δι
699 906 792 950 aceto.
805 889 909 959 Ulce-

213 992 247 1032 ra
261 971 319 1031 oris
336 988 539 1052 tumoremque
554 972 734 1053 gingivarum
748 990 910 1031 comman-

213 1052 318 1113 ducata
335 1051 423 1112 cruda
443 1050 543 1113 sedat:
569 1055 640 1112 item
661 1051 792 1110 dentium
813 1052 911 1112 dolo-

215 1153 273 1194 res.
290 1129 487 1193 Tonsillarum
505 1132 621 1205 ulcera,
642 1129 742 1191 succus
759 1131 909 1194 decoslae.

214 1211 350 1292 Quidam
365 1212 498 1294 adjecere
518 1213 635 1294 paulurn
651 1212 789 1293 tnyrrhae.
820 1211 908 1273 Nam

216 1296 252 1368 dt
268 1293 393 1354 mobiles
415 1294 517 1355 dentes
534 1292 638 1354 stabilit
650 1293 909 1356 commanducata.

218 1372 386 1436 Cruditates
395 1372 494 1447 sedat,
511 1392 676 1455 vocemque
690 1371 803 1449 firmat,
813 1375 847 1435 δι
863 1376 908 1435 si·

218 1457 274 1515 tim
290 1473 378 1516 arcet.
394 1452 528 1517 Cervicis
544 1455 677 1526 dolores,
687 1476 754 1515 cum
767 1454 863 1594 pallui,
874 1465 906 1518 δε

218 1535 271 1597 lini
291 1536 417 1610 semine,
437 1535 470 1597 δι
488 1536 598 1607 melle,
615 1536 677 1615 pari
699 1554 768 1595 men
780 1537 832 1596 uri
859 1535 906 1596 se·

218 1617 279 1677 det.
297 1615 491 1677 Mammarum
500 1618 588 1690 vitia,
597 1637 663 1676 cunt
676 1616 779 1688 melle,
788 1634 838 1676 aut
849 1615 906 1678 Ci-

219 1695 409 1757 molidcreti.
422 1696 556 1758 Salutaris
573 1696 615 1757 est
632 1694 806 1777 suspiriosis,
817 1696 907 1758 semi-

219 1796 259 1838 ne
279 1798 345 1839 curn
368 1779 455 1839 melle
470 1776 584 1840 hausto.
597 1775 786 1839 Stomachum
799 1780 828 1837 in
839 1798 907 1839 ace·

218 1860 297 1919 tariis
317 1857 429 1939 stuupta
448 1860 628 1920 corroborat.
646 1859 826 1919 Ardeatibus
854 1859 906 1920 fe·

219 1937 319 1999 bribus
337 1941 496 2019 imponitur
521 1959 591 1999 cunt
619 1939 747 2021 polentd.
776 1939 814 1999 Et
831 1939 905 2001 aliis

219 2018 390 2080 manducata
406 2017 554 2102 refrigerat
566 2022 659 2081 ⁴etiam
675 2017 814 2081 intestina.
834 2020 905 2081 Vo-

220 2100 357 2161 tuitiones
367 2098 448 2160 sistit.
456 2099 906 2182 Dysenteriae&vomicisestur

220 2200 260 2241 ex
278 2197 378 2253 aceto,
400 2181 450 2242 vel
470 2181 576 2242 bibitur
596 2203 663 2243 cum
681 2184 808 2243 cumino.
836 2181 904 2243 Te·

219 2258 326 2322 uesnris
346 2277 443 2323 autern
460 2263 558 2337 cosla,
576 2264 609 2323 δι
625 2263 816 2323 comitialibus
832 2262 903 2322 cibo

221 2342 273 2403 uel
282 2357 353 2423 potu
361 2340 487 2424 prodest.
498 2343 715 2425 purgationibus
726 2344 902 2417 mulierum,

222 2422 365 2485 acetabuli
383 2422 515 2484 mensuri
533 2427 562 2483 in
582 2421 657 2505 sapi.
676 2424 814 2506 Podagtis
831 2426 903 2484 cali·

224 2506 369 2577 dimum
384 2503 439 2566 sale
459 2505 548 2575 illita,
561 2506 594 2567 δι
612 2504 691 2567 sacro
706 2507 773 2586 igni.
792 2503 902 2565 Suetus

224 2582 288 2663 ejus
305 2603 393 2665 potus
411 2607 496 2647 renes
513 2584 611 2665 juvat,
630 2606 663 2645 ac
676 2588 798 2646 vesicas.
815 2584 903 2645 Ven-

222 2667 273 2724 tris
293 2665 424 2725 animalia
441 2667 531 2747 pellit.
550 2666 601 2727 Ad
616 2666 768 2728 vulnerum
781 2665 908 2727 dolores·
952 2690 954 2695 ·

157 2787 162 2792 .
224 2761 263 2799 ex
283 2746 352 2806 oleo
369 2767 434 2807 cum
448 2746 566 2830 polentlr
583 2749 750 2826 imponitur.
783 2744 904 2806 Nervo·

223 2840 288 2881 tum
317 2825 433 2890 duritias
468 2826 589 2893 emollit.
618 2826 900 2908 Metrodorus‚.qui
