1967 3600
190 240 620 357 Hrsron.Lib.XX1ll.
672 243 739 361 alit

88 401 271 476 manducatur,
284 403 317 463 &
340 402 470 481 protinus
487 423 524 462 ex
544 424 605 464 ore.
619 406 743 484 impoti-n

92 500 129 555 ta,
145 481 245 562 pusulas
265 483 344 564 gigni
364 483 509 561 prohibet.
539 482 743 564 Colymbades

86 559 185 632 'sordida
197 562 291 622 ulcera
306 579 443 643 purgant,
459 559 574 627 irrutiles
592 562 744 626 difficultas

89 641 149 700 tibus
163 644 255 702 urinae.
437 688 440 693 >
629 704 631 709 ,

30 790 32 797 γ
118 720 221 781 XXXV
223 719 259 781 ll.
275 720 325 782 De
345 721 459 782 amurcl
476 738 645 802 poteramus
659 725 744 789 vide·

30 804 32 821 '
87 801 107 858 ri
121 799 173 862 fatis
190 799 305 874 diuiffe4
321 799 465 862 Catonern
488 802 653 864 setutizserl
673 806 741 867 red·

30 880 32 907 ³
87 880 164 940 denda
178 882 328 943 medicinae
353 901 469 963 quoque
486 882 536 943 est.
554 881 613 944 Gin
632 886 741 947 ivis&

87 963 133 1020 oris
142 963 275 1022 ulceribus
285 1006 294 1035 ,
304 962 432 1021 dentium
446 960 586 1022 stabilitati
601 984 616 1023 e
650 966 740 1024 cacis·

86 1040 142 1100 siml
159 1041 296 1102 subvenit.
318 1040 394 1102 Item
409 1042 522 1121 ignibus
535 1041 617 1103 sacris
632 1043 741 1117 infusa,

85 1120 111 1180 ἃ
126 1122 236 1204 hisquae
248 1120 371 1197 serpunt.
385 1121 573 1185 pernionibus
585 1125 672 1205 nigra
683 1124 741 1201 oli7

84 1220 240 1263 varamurca
254 1204 353 1262 utilior
364 1225 372 1263 a
384 1204 455 1262 item
475 1202 628 1267 infantibus
642 1203 741 1263 loven·

83 1279 127 1341 dis.
142 1281 223 1343 Albae
240 1283 332 1354 verb,
348 1282 501 1343 mulierum
519 1283 616 1345 vulvae
631 1283 660 1342 in
677 1282 743 1345 lani

82 1361 246 1423 admovetur.
272 1362 369 1423 Multb
397 1381 496 1431 autent
513 1365 608 1422 omnis
624 1383 742 1423 amurca

83 1441 183 1502 decollat
200 1440 353 1503 efficacior.
366 1440 512 1524 Coquitur
522 1445 551 1502 in
564 1441 679 1532 Cyprio
689 1464 743 1503 va-

82 1518 106 1581 se
115 1523 146 1581 ad
155 1522 371 1583 crassitudinem
391 1523 496 1584 mellis.
509 1520 585 1582 Usus
600 1543 663 1602 epus
673 1542 742 1585 cunt

79 1608 221 1675 'ateto‚aut
229 1605 300 1664 vino
309 1619 428 1674 vetere,
439 1621 487 1662 aur
499 1600 609 1675 mulso,
625 1620 657 1663 ut
689 1624 742 1681 uae·

82 1702 128 1762 que
142 1681 219 1744 causa
239 1685 352 1765 exigat,
364 1685 395 1742 in
414 1684 561 1743 curatione
579 1684 658 1756 oris,
669 1622 742 1766 Xen-

82 1765 156 1837 tium,
171 1765 301 1837 aurium,
320 1763 449 1824 ulcerum
475 1765 670 1849 manantium,
690 1782 742 1846 ge·

80 1845 214 1918 nitalium,
228 1843 392 1927 rhagadum.
410 1843 583 1906 Vulneribus
598 1847 628 1903 in
637 1842 740 1906 linteo·

80 1919 108 1984 lis
119 1927 288 2007 imponitur,
310 1925 411 1985 luxatis
431 1926 461 1985 in
477 1925 562 1985 lani:
579 1926 678 2007 ingens
693 1926 739 1988 nic

80 2001 150 2080 ulus,
167 2007 266 2087 utique
283 2008 442 2066 inveterato
454 2006 683 2067 medicamento:
695 2022 740 2066 ta·

80 2084 103 2144 le
113 2088 183 2145 enim
199 2085 307 2147 fistulas
316 2085 402 2147 sanat.
413 2083 574 2146 lnlunditur
587 2084 678 2158 sedis,
687 2106 741 2167 ge·

79 2165 206 2241 uitulum,
218 2166 316 2236 vulvae
332 2165 546 2227 exulcerationi.
557 2165 678 2225 lllinitur
689 2186 740 2226 ve·

80 2244 108 2303 rb
118 2247 243 2328 podagris
257 2247 456 2326 incipientibus
471 2266 479 2305 :
497 2249 565 2307 item
577 2246 743 2306 articulariis
764 2267 767 2271 ’

80 2325 183 2388 morbis.
209 2325 240 2387 Si
256 2327 328 2388 verb
344 2348 409 2387 cum
428 2327 583 2408 omphacio
600 2345 743 2461 recopua·

81 2419 119 2463 tut
132 2406 164 2465 ad
182 2407 275 2468 mellis
294 2407 531 2477 crassitudinem,
551 2405 662 2465 casuros
693 2422 742 2461 en·

80 2500 118 2543 tes
135 2488 260 2547 extrahit.
283 2486 357 2547 Item
376 2485 572 2567 jumentorum
598 2482 741 2555 scabiem,

78 2583 137 2626 curn
154 2567 272 2629 decollo
294 2568 478 2648 lupinorum,
498 2564 531 2625 δι
548 2561 745 2622 chamaeleone

78 2642 174 2719 berbi,
192 2649 262 2708 mire
288 2647 377 2709 sanan
395 2645 496 2708 Cruda
517 2642 632 2705 amutci
650 2640 746 2724 poda«

77 2741 135 2817 gras
148 2726 240 2787 loueri
258 2728 451 2788 utilissimum.
551 2765 554 2771 ι
739 2743 741 2745 ’

89 2836 93 2851 ,
113 2802 273 2872 auxum.
283 2819 320 2890 14·
341 2805 468 2872 ouant
488 2804 626 2872 ntorum
636 2761 743 2873 eaden
