1967 3600
218 222 517 300 Htsrott.Lib.
533 223 619 296 XX.
672 244 738 323 135

71 353 117 425 tis,
127 350 276 431 obliquis,
292 349 322 407 ni
341 348 395 417 ris,
405 344 573 427 quibusdam
584 342 740 406 altissimis:

70 434 156 493 Minis
164 430 281 504 rusum,
290 448 376 510 quam
385 427 456 486 illud
468 426 599 486 alterum.
613 422 680 485 Ciet
689 428 745 484 uri·

29 532 30 545 ¹
71 534 125 572 natu
139 516 168 572 iu
185 513 263 593 aqud
282 525 406 590 potunt,
422 505 520 567 radice
538 506 606 565 triti
624 505 674 564 vel
693 504 742 564 de·

69 593 148 655 cotta
162 591 336 653 Inflatioues
356 586 496 648 stomachi
519 586 592 645 mire
619 583 744 645 discutit.

71 671 132 734 Item
148 674 296 742 tormina,
307 671 341 731 &
349 670 455 728 vesicae
464 667 536 728 titia
547 688 555 728 t
568 667 743 726 vulvarum·

73 774 119 834 que
133 753 256 814 articulis
276 770 346 810 cum
366 748 474 820 melle,
494 746 649 807 infantibus
675 764 745 807 cum

71 836 127 914 apio
139 835 240 895 illitum
249 836 316 893 imo
333 830 429 890 ventri
444 830 537 888 urinas
546 844 657 889 motet.
680 826 681 829 ’
729 846 731 851 ’

104 912 192 975 XCV.
218 910 396 975 Feniculum
412 909 605 969 nobilitavere
623 907 744 990 serpen*-

73 1013 109 1055 tes
124 995 248 1077 gustatu,
262 1010 301 1053 ut
316 992 458 1064 diximus,
473 988 612 1050 senesiam
631 1008 743 1048 exuen-

71 1074 341 1154 do‚oculorumque
350 1072 441 1133 aciem
449 1069 534 1145 succo
545 1067 605 1149 ejus
612 1067 745 1131 reficien-

75 1156 126 1216 do:
140 1156 211 1216 unde
230 1152 416 1216 intellesium
435 1149 493 1225 est,
511 1152 661 1210 hominurn
671 1171 744 1231 quo·

79 1256 124 1317 que
140 1238 294 1319 caliginem
310 1233 455 1315 praecipue
478 1253 516 1292 eo
536 1231 636 1291 levari.
654 1227 748 1291 Colli·

79 1318 189 1397 giuthic
198 1318 286 1378 caule
296 1313 496 1397 turgescente,
507 1308 650 1372 &inSole
657 1313 744 1372 sicca·

80 1414 131 1468 tur,
148 1400 356 1481 inungiturque
373 1416 411 1456 ex
430 1394 528 1453 melle.
549 1391 668 1471 Ubique
688 1391 747 1452 hoc

81 1476 122 1537 tsi.
138 1478 361 1540 laudatissimus
378 1478 408 1536 itt
426 1473 519 1534 Iberia
531 1493 548 1532 e
560 1472 683 1531 lacrimis
694 1470 748 1543 fit',

82 1558 109 1618 ἃ
125 1578 140 1619 e
154 1559 258 1621 semine
273 1561 394 1620 receuti.
410 1555 499 1618 Fit&
509 1551 676 1615 eradicibus
685 1555 747 1637 pri·

81 1637 343 1720 migtrminatione
359 1638 465 1698 incisis.

49 1763 52 1768 -
114 1717 212 1783 xcvl.
229 1719 285 1783 Est
302 1721 335 1781 &
354 1721 385 1779 in
402 1717 459 1779 hoc
480 1734 585 1799 genere
597 1709 747 1784 silvestre,‘

83 1800 147 1877 ,quod
159 1803 201 1863 alii
213 1798 493 1884 hippomarathton,
505 1798 554 1858 aiii
566 1797 748 1878 myrsineum

84 1897 187 1958 totam,
199 1884 280 1945 soliis
302 1878 483 1959 majoribus,
503 1877 583 1961 gustu
612 1876 746 1948 acriore,

86 1967 228 2038 proterius,
254 1962 396 2025 brachiali
416 1960 625 2031 crassitudine,
649 1956 747 2016 radice

84 2043 197 2106 cudda.
216 2044 353 2106 Nascitur
368 2046 400 2102 iu
418 2042 536 2113 calidis,
555 2039 605 2100 sed
628 2036 748 2097 saxosis.

87 2116 188 2185 Diocles
206 2127 239 2188 ,δι
260 2123 340 2186 aliud
353 2123 403 2203 bip
445 2123 577 2183 marathri
589 2138 679 2202 genus
688 2134 746 2177 tra·

86 2199 139 2274 dit,
155 2204 201 2266 lon
220 2228 241 2267 o
265 2207 300 2268 dc
320 2225 395 2290 ango
420 2226 439 2264 o
457 2201 548 2276 solio,
563 2199 668 2261 semine
694 2218 748 2258 co·

88 2282 183 2345 titudri.
237 2287 359 2347 editiore
378 2288 407 2343 in
423 2282 540 2355 sativo,
563 2282 598 2343 ad
620 2279 752 2359 scorpio·

86 2378 145 2421 mm
159 2365 225 2427 isius
245 2368 280 2429 &
300 2365 495 2449 serpentium,
512 2364 617 2425 semine
631 2366 660 2445 in
674 2363 752 2418 vino

86 2458 156 2518 9⁰10.
168 2445 276 2508 Suetus
290 2449 323 2509 &
331 2448 452 2507 *attribue
464 2444 612 2503 instillatur
623 2482 633 2509 ‚
643 2437 751 2497 vermi·

90 2522 206 2607 tuiosque
227 2530 259 2588 in
277 2528 432 2588 hisuuecat.
450 2521 548 2605 Ipsum
560 2515 754 2579 condimentis
774 2530 778 2536 ·

87 2606 165 2697 propi
182 2608 320 2670 omnibus
337 2607 490 2668 inseritur:
508 2600 651 2742 oproris
664 2596 753 2657 etiarn
804 2605 807 2610 '

91 2687 229 2759 armins
246 2687 333 2768 >Quin
349 2689 382 2750 &
396 2685 477 2769 panis
498 2699 546 2745 ctu
572 2686 596 2742 is
614 2677 754 2739 subditur.

89 2756 180 2829 RQ
194 2767 387 2833 fimum
394 2758 753 2843 ’Μωςώαήῦἐίἷὲ
