1967 3600
232 310 302 391 2'72
352 303 388 369 C.
413 279 600 369 Paruit
632 274 840 384 Narnia·

230 415 917 501 nervis,vesica.Resinticondita‚frigidissto'·

223 498 338 571 machis
359 499 436 559 utilia
455 496 656 560 existimantur.
676 498 747 559 Non
769 502 912 582 expedite

230 579 455 652 vomitionibus,
466 582 539 639 sicut
550 600 586 638 ne
609 599 645 639 ue
655 578 799 654 mustum,
812 602 912 662 neque

230 656 312 738 fapa,
326 679 363 717 -ne
386 679 421 717 ue
436 658 554 739 palium.
580 601 733 718 liovitium
750 664 913 739 resinatum

229 739 300 799 nulli
312 680 455 798 conducit.
469 737 513 800 Ca
535 741 580 798 iti-s
596 739 728 800 dolorem
740 740 771 800 δι
783 743 892 823 vettigi
900 771 913 790 .

178 813 187 869 ᾗ
229 837 284 878 nes
293 816 372 877 facit:
385 818 420 877 ab
434 819 490 880 boc
505 762 579 878 <ilua
588 819 703 900 crapula
711 817 912 881 est..Tussieu'-

228 896 282 957 hus
308 898 340 958 ὃ(
354 899 385 956 in
406 898 607 961 rheumatismo
622 900 765 959 nominata
777 899 911 980 prosunt.

228 973 303 1035 Item
329 978 454 1040 coeliacis
471 977 727 1059 &dysentericis‚
751 981 910 1061 mulierum

227 1057 385 1117 mensibus.
399 1058 435 1118 Io
450 1059 507 1121 hoc
525 1080 631 1141 genere
650 1060 768 1118 rubrum
781 1063 810 1119 ni
834 1081 909 1135 rum<
969 1081 971 1088 ·

227 1155 267 1195 ue
289 1139 523 1219 magis'constriu
542 1142 585 1214 it,
609 1137 754 1221 magisque
782 1160 797 1199 c
828 1139 908 1201 facit.

227 1210 412 1278 innocentius
423 1222 486 1300 pice
497 1161 556 1280 solit
567 1219 725 1298 conditum.
742 1217 802 1279 Sed
814 1223 849 1281 &
848 1223 906 1360 1fi-

227 1315 295 1355 cem
314 1299 472 1360 meminifle
489 1300 633 1360 debemus
653 1321 712 1360 non
731 1300 808 1359 aliud
828 1321 845 1361 e
870 1321 906 1373 e,

228 1376 316 1457 quam
333 1378 488 1440 combustae
505 1382 606 1440 resina
629 1379 747 1440 fluxum.
766 1379 836 1441 Hoc
855 1401 905 1463 ge·

227 1477 284 1517 nus
300 1460 369 1518 ·vini
398 1460 563 1535 excalfacit,
585 1461 761 1540 concoquit,
785 1479 903 1542 purgat:

251 1536 355 1611 actori,
371 1543 465 1601 ventri
482 1542 553 1600 utile
566 1563 574 1601 ε
586 1543 667 1600 item
685 1541 839 1600 vulvarum
852 1541 903 1600 do·

223 1557 304 1692 lori,
322 1621 346 1677 si
362 1621 423 1681 sine
438 1621 519 1681 febre
534 1623 591 1680 sint
602 1665 613 1690 ,
623 1622 718 1680 veteri
735 1617 903 1703 rheumatif7

227 1717 297 1769 mo,
313 1700 533 1775 exulcerationi,
549 1702 655 1781 ruptis,
670 1700 837 1779 convulsis,
852 1721 902 1761 vo-

221 1779 329 1855 micis,
338 1802 494 1843 nervorum
504 1779 674 1854 infirmitati,
688 1781 899 1851 inflationibus,

222 1860 316 1933 tussi,
331 1861 581 1933 anhelationibus,
606 1862 724 1935 luxatis,
745 1864 775 1920 in
791 1860 899 1922 succida

226 1935 478 2018 lanaimpositum.
497 1941 548 2002 Ad
562 1943 660 2001 omnia
675 1942 737 2002 haec
747 1943 842 2001 utilius
852 1942 897 2012 id,

225 2017 306 2096 quod
319 2016 420 2099 sponte
436 2036 543 2081 natutae
560 2022 616 2083 suae
628 2024 723 2101 picem
733 2023 844 2104 resipit,
855 2023 897 2103 pi-

226 2105 379 2180 catumque
399 2102 568 2183 appellatur.
588 2102 760 2163 Helvenaco
785 2111 895 2184 quoque

204 2253 206 2258 Α
225 2192 322 2238 tamen
345 2182 437 2241 nimio
457 2199 543 2262 caput
563 2185 667 2244 tentati
688 2188 833 2246 convenit.

266 2255 361 2336 Quod
382 2261 420 2320 ad·
437 2260 560 2323 febrium
579 2263 761 2323 valetudines
779 2264 892 2332 attinet,

226 2355 335 2399 certum
351 2338 464 2401 estnon
487 2341 613 2401 dandum
627 2345 657 2401 in
670 2341 764 2415 febri,
785 2343 836 2402 nisi
847 2361 892 2400 ve-

224 2420 333 2481 teribus
352 2423 453 2503 aegrist
471 2441 525 2482 nec
537 2419 592 2481 nisi
607 2422 766 2483 declinante
784 2420 891 2482 morbo.

226 2497 259 2566 Iu
279 2504 375 2561 acutis
393 2504 466 2564 verb
497 2503 649 2583 periculis,
675 2503 760 2562 nullis
777 2504 828 2561 nisi
845 2500 890 2580 qui

223 2580 386 2644 manifestas
415 2584 598 2644 remissiones
631 2582 776 2655 habeant,
791 2584 822 2643 ὅ(
844 2581 892 2638 has

222 2660 318 2721 nuflu'
348 2663 447 2722 otiits:
467 2663 584 2725 dimidia
600 2664 676 2724 enim
693 2685 759 2746 pars
781 2658 891 2742 periculi

223 2737 265 2798 est
284 2682 390 2817 uodu,
406 2742 520 2803 hoc-est
532 2741 579 2824 spe
590 2742 699 2817 somni,
720 2741 888 2803 bibentibust

223 2833 276 2877 nec
289 2839 304 2878 a
315 2839 397 2901 partu
408 2823 564 2899 abortuve,
580 2844 635 2888 nec
646 2833 667 2885 'a
681 2823 796 2887 libidine
805 2823 888 2905 agro-g
