1967 3600
24 24 26 41 l

24 60 26 79 l

148 249 408 324 ‚Hrsrom
432 247 614 322 mlxix.
661 273 726 350 45„

61 368 177 431 omnibus.
189 369 294 452 Nuper
304 367 414 430 subiere
423 367 726 431 Lacuturrerexcorrw

61 450 119 510 valle
126 451 255 526 Aricina,
264 451 317 510 ubi
324 449 473 532 quondam
481 448 536 510 fuit
546 450 641 521 lacus,
652 468 715 511 tur·

61 529 132 610 iisqne
147 553 208 613 quae
227 548 379 592 remanet:
399 552 431 590 ca
452 532 492 591 ite
511 530 716 613 praegrandes,

61 607 115 670 lolio
125 613 279 672 innumeri:
299 611 346 671 alii
359 613 388 670 in
400 553 503 672 oriem
515 610 639 691 pontesii
648 655 658 685 ,
668 611 718 670 alii
727 642 732 662 ·»

62 689 255 752 inlatitudinem
276 693 380 752 torosi.
397 690 461 751 Nec
479 691 543 771 plus
561 690 626 750 ullis
640 692 717 772 capi·

61 771 89 828 tit
101 771 156 850 poll
165 771 355 846 Tritianum‚
372 773 417 830 cui
439 771 540 851 pedale
561 771 717 852 aliquando

61 850 218 933 conspicitur,
230 853 263 915 &
273 872 364 932 cyma
374 851 458 913 nullia
469 850 566 911 serior.
574 849 731 912 Cuicum-⁴

61 949 105 1009 que
119 949 205 994 autem
219 934 326 1015 generi
344 933 451 1012 pruinae
468 931 623 1011 plurimum
652 930 716 992 sua·

60 1011 138 1070 nitatis
155 1013 327 1074 conferunt:
344 1013 376 1074 ὅ(
393 1013 455 1075 nisi,
467 1011 588 1093 obliquo
596 1011 716 1073 vulnere

63 1089 206 1153 defendatur
212 1090 362 1163 medulla,
372 1093 524 1172 plurimum
537 1110 653 1153 nocent.
666 1089 728 1153 ὅθι·

62 1172 117 1230 mini
132 1172 256 1235 destinati
270 1195 335 1236 non
356 1171 491 1233 secantur.
508 1170 558 1232 Est
572 1173 658 1232 etiam
669 1170 731 1233 sua·

64 1253 133 1331 gratia
140 1274 294 1337 numquam
311 1253 418 1334 plantae
428 1252 557 1315 habitum
575 1252 731 1313 excellem,

65 1330 138 1394 tibus:
148 1334 322 1417 halmyridia
338 1348 460 1406 vocant,
473 1333 611 1414 quoniam
621 1333 680 1391 nisi
689 1335 733 1392 itt·

62 1413 184 1475 maritimis
191 1437 250 1476 non
260 1416 454 1496 proveniunt,
462 1413 722 1494 navigationequo·

63 1511 107 1630 xe
118 1493 264 1578 longinqua
281 1494 425 1555 viridibus
443 1491 608 1554 adservatis.
617 1490 721 1553 Statim

94 1571 147 1633 secli
160 1579 198 1636 ita
215 1598 252 1637 ne
271 1576 398 1635 humum
417 1575 570 1655 attingant,
583 1575 613 1632 in
632 1572 720 1633 cados

65 1651 110 1713 olei
122 1654 198 1734 qultn
218 1655 355 1739 proxime
375 1656 496 1714 siccatos
516 1651 720 1734 obturatosque

65 1734 221 1810 conduntur,
235 1737 321 1798 omni
339 1733 435 1815 spiritu
449 1733 574 1795 excluso.
585 1731 735 1816 Sunttqui·

64 1812 168 1891 plantam
185 1821 213 1878 in
232 1814 437 1879 transferendo
453 1816 480 1875 al
500 1816 516 1875 al
534 1814 645 1875 subdita
666 1835 739 1895 pe·-

65 1894 162 1969 diculo,
177 1901 296 1960 nittove
316 1898 402 1969 trito,
417 1836 499 1980 quod
515 1895 603 1958 tribus
622 1896 720 2035 difftis

65 1977 369 2054 capiatnr‚celeriorcm
387 1978 423 2036 ad
441 1979 633 2042 maturitatem
677 1977 721 2036 eri
794 2049 796 2052 ι

65 2070 156 2132 putent.
168 2057 237 2122 Sunt
254 2059 308 2141 qui
327 2056 424 2117 semen
441 2056 540 2117 trifolii
555 2059 720 2136 nitrumque

66 2134 134 2196 timul
150 2141 244 2201 tritum
261 2137 431 2218 adspergant
447 2136 534 2197 foliis.¹
551 2136 667 2197 Nicrum
690 2138 722 2196 in

65 2220 197 2296 coquendo
211 2224 302 2281 etiam
317 2219 490 2278 viriditatem
506 2213 649 2283 custodit:
672 2233 722 2278 aut

67 2291 328 2375 Apiciantcottura,
342 2298 450 2357 oleoae
460 2297 533 2371 sale,
547 2299 624 2377 prius
634 2294 724 2376 quim

66 2393 221 2456 coquantur,
236 2380 398 2441 maceratis.
411 2377 459 2437 Est-
472 2380 547 2438 inter
559 2377 662 2442 herbas
672 2391 725 2452 ge·

66 2473 109 2515 nus
124 2458 278 2532 inserendi,
297 2460 421 2540 praecisis
432 2457 608 2539 germinibus
617 2452 724 2524 caulis,

67 2534 136 2600 &in
155 2541 315 2601 medullam
342 2537 449 2599 semine
473 2555 510 2594 err
535 2534 596 2592 aliis
613 2531 726 2600 additor

67 2608 126 2674 Hoc
141 2620 171 2681 dt
187 2624 218 2680 in
240 2637 394 2687 cucumere
423 2611 555 2675 silvestri.
579 2612 645 2674 Nec
664 2631 744 2676 nouv

67 2693 122 2754 olus
152 2720 248 2782 unque
266 2696 395 2762 silvestre
410 2694 450 2768 est
462 2698 549 2756 trium
572 2692 724 2766 folioruma

66 2771 118 2840 diti
134 2720 202 2844 lull
222 2778 395 2849 carnotinus
424 2774 569 2860 precipui,
596 2770 736 2858 iocisque,
768 2793 772 2799 ’
