1967 3600
228 251 297 323 106
354 250 389 320 C.
414 250 599 320 Prrrrr
619 250 806 321 Nnrvn.

218 372 333 435 Natura
350 387 410 430 tant
430 367 546 430 fervens
564 366 622 438 est,
649 385 681 430 ut
695 369 781 430 illitas
800 388 908 451 partes

221 451 377 514 exulceret.
397 449 484 511 Tussi
503 452 533 508 in
553 447 736 529 perfrisiione
750 449 848 511 fricari
861 473 910 512 an·

220 551 254 595 te
271 533 373 593 balnea
385 530 524 591 convenit
535 549 544 590 ε
557 531 590 592 δι
606 547 673 592 ante
703 533 909 593 accessionum

222 616 390 687 horrorem,
408 611 572 681 convulsis,
594 609 830 673 &torminibus
851 612 910 673 Po-

172 696 175 701 ’
222 695 315 777 dagris
335 692 407 753 mire
446 689 553 752 rodest.
576 690 726 773 Hepaticis
744 712 813 752 cum
832 692 909 752 rnel·

220 776 250 836 le
269 770 372 837 &sale
390 772 418 832 b·
442 773 551 833 endum
566 772 666 833 datur:
677 773 853 855 pulmonum
863 775 909 834 vi·

218 857 263 915 tia
278 851 460 915 exscreabilla
480 852 559 914 sacit.
580 851 631 914 Ad
647 853 754 913 lienem
773 874 843 913 curn
862 851 906 914 sn-

220 935 250 995 le
266 936 336 995 urile
360 932 420 1006 est,
434 934 466 994 ἃ
479 935 604 1007 vesicae,
616 933 647 993 ὃ(
658 931 799 1013 suspiriis,
813 932 848 994 δι
863 936 907 993 in·

114 1042 118 1047 -
221 1015 406 1075 fictionibus:
424 1013 578 1075 decoffiun
589 1011 673 1074 succo
758 1013 859 1087 aliter,
872 1015 906 1075 δι’

217 1096 326 1158 vulvas
353 1096 488 1176 corrigit:
505 1095 538 1156 &
557 1107 658 1155 contra
681 1093 729 1156 sco
741 1094 906 1176 opendrarn

218 1174 383 1237 terrestrem
402 1175 452 1238 vel
470 1176 608 1235 marinam
619 1197 626 1236 ε
637 1174 906 1257 itemscorpionet:

242 1259 414 1339 rivatimque
424 1256 504 1316 valer
513 1270 613 1318 contra
625 1256 751 1317 hominis
765 1255 906 1319 morsum.

219 1276 315 1400 Radix
326 1352 426 1399 contra
435 1334 624 1398 increscentia
632 1337 727 1397 ulcera
738 1356 840 1397 recens
850 1357 905 1418 po·

220 1422 390 1480 tentissime.
413 1416 507 1478 Arida
520 1419 594 1480 verb
611 1417 791 1479 cicatricibus
812 1417 903 1479 deco·

55 1502 56 1506 ’
95 1537 100 1546 -
214 1519 283 1561 uenr
302 1498 405 1559 adfert,

223 1590 228 1598 ·
262 1578 340 1639 LVI.
350 1577 426 1639 ltem
442 1577 560 1660 pulegio
576 1577 618 1640 est
630 1593 801 1662 nepetaeque
813 1577 903 1641 socie·

219 1676 272 1719 tas.
295 1658 425 1718 Decosia
448 1662 566 1720 enimin
584 1661 657 1741 aqui
676 1659 713 1718 ad
731 1662 832 1720 tertias
846 1659 903 1720 dis·
939 1682 941 1685 ’

216 1741 331 1800 curiunt
357 1737 391 1797 sri
413 1760 490 1811 ora,
516 1739 727 1822 mulierumque
751 1739 929 1803 menstruis-

218 1820 349 1903 ptosunt.
401 1836 413 1880 t
434 1820 531 1882 aestate
549 1819 648 1882 sedant
669 1822 789 1882 calores.
805 1822 902 1904 Nepe-

219 1918 250 1959 τι
266 1919 383 1981 quoque
400 1903 478 1961 vires
503 1918 602 1962 contra
630 1899 659 1962 se
697 1917 779 1963 entes
804 1903 901 1964 habet.

212 1980 343 2041 fumum
354 1999 390 2039 ex
404 1980 439 2040 ei
456 1981 649 2064 nidoremque
699 1986 799 2067 gunt,
812 2003 901 2066 quam

220 2062 255 2122 δι
273 2058 447 2121 subslernere
466 2064 497 2121 in
517 2079 598 2122 metu
617 2063 826 2124 obdormituris
848 2065 901 2125 uti·

219 2143 248 2203 le
272 2140 324 2203 est.
343 2140 421 2206 Tusa
442 2142 581 2225 aegilopiis
600 2144 779 2225 imponitur,
801 2146 837 2205 &
854 2165 899 2205 ca·

190 2260 193 2265 -
212 2221 284 2305 pitis
294 2221 442 2286 doloribus
459 2244 561 2290 recens
579 2244 646 2284 cum
661 2225 745 2286 tertii
756 2242 840 2305 parte
851 2245 900 2316 pa·

218 2306 263 2363 nis
280 2319 440 2383 temperata
459 2322 542 2365 acero
565 2305 691 2366 illinitur.
709 2303 815 2365 Succus
839 2325 901 2384 ejus

209 2383 366 2464 ‘instillatus
385 2384 501 2444 naribus
518 2383 639 2466 supinis,
649 2387 826 2466 profluvium
839 2384 901 2445 san·

220 2468 313 2548 guinis
337 2463 415 2526 sistit.
435 2464 511 2527 Item
528 2466 625 2536 radin,
645 2487 710 2548 quae
731 2486 799 2526 cum
820 2485 902 2547 myr-

216 2549 242 2604 ti
259 2545 365 2607 setnine
381 2549 410 2608 in
431 2546 510 2629 pallo
529 2547 630 2631 tepido
652 2550 824 2631 gargarizata
850 2566 899 2606 an·

217 2628 291 2706 ginis
312 2627 456 2688 medetur.
542 2645 546 2650 ·

120 2783 122 2786 ¹
207 2739 214 2752 ·
259 2705 352 2768 LVlL
368 2705 527 2768 Cuminum
538 2706 668 2769 silvestre
684 2706 725 2769 ell
737 2725 898 2789 praetenue,

206 2790 362 2866 ,quaternis
381 2807 429 2851 aut
448 2790 542 2871 quinis
558 2786 645 2872 „sniis
665 2788 755 2854 veluti
775 2787 898 2855 serratis·
