1967 3600
18 351 19 354 a
168 273 610 374 Histon.Lib.XX11.
660 299 729 375 ²37

42 391 165 477 imus)
179 394 338 455 aculeos&
346 396 446 455 omnia
459 393 548 455 infixa
558 398 673 479 corpori
684 418 732 459 ex·

52 474 144 547 trabit,
154 475 261 535 tubera
271 473 404 547 discutit,
416 474 487 534 dura
496 479 670 559 concoquit,
681 479 732 546 do·

52 551 120 614 lares
133 574 296 616 nervorum
306 556 434 629 mulcet,
444 556 597 638 ulceraque
608 556 669 639 jam
681 558 731 619 de·

52 630 188 715 sperantia
203 637 234 696 in
255 636 419 695 cicatricem
438 636 537 698 cludit.

86 713 189 776 Melus
208 714 329 796 quidem
346 716 436 797 ipsius
458 732 556 777 natura
581 716 644 777 talis
665 715 733 793 estj

52 809 78 854 ut
98 793 265 877 putrescere
285 815 408 877 corpora
423 816 481 856 non
499 799 586 873 sinat,
597 795 727 875 jucundo

52 870 144 954 sapore
165 893 256 957 atque
275 896 335 936 non
358 874 475 957 aspero,
492 877 547 937 alit
564 877 648 958 quim
663 877 728 939 salis

54 957 153 1017 satuti.
175 955 337 1027 Faucibus,
358 956 497 1028 tonsillis,
513 959 641 1039 anginae,
661 979 729 1018 om·

52 1034 182 1118 ribusque
204 1039 265 1098 oris
283 1036 433 1098 desideriis
446 1036 727 1112 utilissimum,ares

54 1117 179 1199 castique
194 1119 226 1176 in
244 1115 370 1178 febribus
391 1117 504 1199 linguae.
516 1116 578 1178 lam
589 1121 663 1180 verb
676 1139 727 1201 pe·

53 1196 274 1275 n'pueumonicis
286 1241 296 1269 ‚
311 1197 466 1278 pleuriticis
478 1195 640 1259 decoetum.
652 1197 726 1260 Item

52 1276 238 1357 vulneribus,
253 1299 271 1336 a
286 1275 416 1358 serpente
475 1278 588 1339 tcussis.
607 1276 644 1338 Et
654 1298 728 1338 con·

54 1369 92 1417 tra
107 1378 224 1419 venena
239 1355 404 1439 fungorum.
446 1358 591 1438 aralyticis
609 1358 640 1417 in
658 1357 730 1418 mus

44 1432 81 1495 so
91 1458 99 1497 ε
111 1457 289 1521 quamquam
304 1438 360 1500 suae
378 1436 470 1499 mulso
486 1439 570 1498 dotes
588 1436 731 1502 constant·

55 1512 113 1580 blei
129 1519 250 1579 auribus
266 1519 416 1580 instillatur
427 1539 495 1578 cum
514 1516 652 1580 rosaceo:
667 1519 729 1592 len·¹

56 1593 101 1656 des
116 1600 149 1661 δι
169 1598 251 1659 soeda
268 1602 368 1680 capitis
384 1600 516 1659 animalia
539 1617 633 1661 necat.
652 1598 728 1662 Usus

56 1674 209 1759 despumati
226 1678 346 1766 semper·
355 1682 449 1761 aptior
464 1701 471 1739 ε
491 1678 668 1742 stomachum
685 1697 728 1741 ta·

57 1774 116 1819 men
134 1760 233 1834 inflat,
244 1760 334 1824 bilem
346 1775 450 1856 auget,
469 1758 612 1821 fastidium
629 1779 727 1838 creat,

57 1838 191 1903 &oculis
207 1861 260 1923 per
276 1841 306 1903 se
324 1842 425 1903 inutile
440 1840 526 1923 aliqui
547 1841 727 1904 arbitrantur.

57 1914 153 1983 Rursus
176 1921 295 2004 quidam
315 1943 350 1983 an
372 1922 435 1983 ulos
445 1923 623 1984 exulceratos
636 1922 726 1985 melle

57 2003 125 2083 tangi
142 2001 275 2065 suadent.
294 1942 399 2064 Mefiis
414 2001 523 2077 causas,
536 2020 622 2086 atque
641 2003 727 2064 diffe-

57 2083 170 2154 rentias,
189 2082 375 2165 nationesque
386 2127 396 2156 ,
407 2083 439 2143 &
457 2085 683 2156 indicationem,
695 2085 727 2145 in

58 2161 146 2239 apium
159 2208 171 2238 ,
191 2184 224 2224 ac
245 2164 349 2224 deinde
360 2164 465 2224 florum
477 2164 576 2224 naturb
586 2163 728 2237 diximus,

58 2241 116 2301 cum
131 2244 207 2305 ratio
225 2247 322 2326 operis
343 2244 435 2306 dividi
455 2260 572 2327 cogeret
582 2242 728 2306 miscenda

58 2320 166 2466 ξιξ,
192 2340 323 2386 naturam
350 2344 446 2387 tetum
474 2323 646 2408 pernoscere
669 2344 728 2386 vo·

138 2427 183 2467 us.

60 2520 64 2529 ·
94 2481 138 2546 [ἰ
159 2484 310 2567 inmollis
332 2483 521 2568 operibus&
540 2503 617 2565 aqua
637 2474 729 2542 mulsa

58 2562 161 2629 neutri
186 2565 285 2628 debet.
305 2564 376 2626 Duo
397 2582 503 2646 genera
520 2559 608 2640 ejus:
630 2560 729 2621 subitae

59 2660 88 2702 ac
105 2648 228 2708 recentis
237 2689 248 2719 ‚
264 2647 384 2707 alterum
400 2647 577 2705 inveteratae.
589 2641 730 2722 Repenti-

60 2738 96 2780 na
114 2725 279 2808 despumato
295 2726 384 2806 melle
402 2722 567 2804 praeclaram
576 2722 730 2784 utilitatem

56 2798 139 2870 hbet
152 2808 184 2871 in
196 2806 273 2873 cibo
288 2820 490 2892 aegrotantium
509 2802 569 2870 levi
576 2849 587 2881 ‚
599 2804 656 2868 boc
668 2800 730 2886 est,
