1967 3600
3 12 86 414 l
165 283 379 368 Hrsrorr.
404 296 476 366 Lib.
489 294 605 368 XXII.
656 321 732 386 241·

4 421 5 450 ³
49 432 116 489 rur,
133 417 271 500 quoniam
289 414 371 476 thure
388 412 418 473 su
442 414 581 495 plicamus
592 416 726 478 &collo

4 531 5 568 ἦ
61 496 174 559 Salutem
196 496 315 582 quidem
330 498 391 556 siue
407 435 469 555 ilis
489 495 726 576 polieconstare‚

4 573 5 592 ³
62 578 100 637 rel
113 580 150 639 ob
164 578 195 638 id
214 576 419 658 probabimus,
435 592 467 637 ut
481 577 566 638 tanto
586 579 677 660 magis
686 575 729 638 sui

62 657 162 720 delicias
184 658 303 741 pudeat.
656 664 659 668 ’

72 756 78 763 ·
91 738 178 800 LVll.
199 757 248 819 25'.
259 736 318 798 Sed
329 737 485 799 medicinas
498 757 515 799 e
528 737 648 800 floribus
674 749 731 801 εο-7

60 816 278 900 iuramentisque
289 819 731 903 &hortensiis,quaequeman·

60 899 149 960 dentur
173 900 290 973 herbis,
311 898 473 979 prosecuti,
484 918 616 981 ¹quonam
633 900 728 962 modo

59 977 158 1063 frugum
175 982 360 1040 omittimus?
377 979 523 1041 Nimirum
534 982 566 1043 &
581 981 631 1041 has
649 982 728 1042 indi-⁴

59 1080 112 1121 tare
120 1062 286 1122 conveniat.
297 1058 330 1119 ln
341 1060 479 1142 primissa
500 1062 657 1122 icutissima
666 1063 728 1122 aui·

59 1139 229 1202 maliumeffe
242 1139 371 1214 constat,
387 1162 451 1222 quae
496 1160 551 1223 uge
568 1140 729 1204 vescantur.

59 1217 170 1304 Siliginis
180 1242 268 1305 grana
287 1221 456 1295 combusta,
472 1222 593 1302 &trita
609 1223 729 1283 in'virio

59 1307 180 1373 mineo,
201 1303 294 1361 oculis
307 1302 375 1362 illita
385 1303 432 1383 epi
452 1302 541 1361 horas
552 1299 666 1364 sedant:
679 1302 730 1361 trib

57 1382 99 1442 tici
110 1384 184 1445 verb
210 1380 290 1442 ferro
317 1323 466 1442 combulla
483 1383 537 1453 iis,
556 1401 621 1461 quae
639 1380 729 1463 frigus

57 1461 160 1538 urent,
182 1462 379 1545 praesentaneo
402 1461 464 1523 sunt
481 1461 623 1523 remedio.
650 1460 732 1522 Fari-

57 1562 87 1607 ua
102 1546 187 1605 tritici
203 1564 241 1603 err
260 1559 342 1604 aceto
362 1542 463 1616 coila,
481 1562 640 1604 nervorum
661 1563 731 1604 con·

57 1624 254 1688 maronibus:
271 1644 337 1685 cum
346 1623 463 1685 rosaceo
479 1625 553 1684 verb
566 1625 598 1686 ὃ(
610 1620 668 1684 fico
676 1625 730 1684 sic·
841 1623 843 1626 ’

57 1704 101 1778 cd,
115 1703 270 1787 myxisque
292 1704 439 1777 decoilis‚
457 1702 581 1765 furfures
606 1704 729 1764 tonsillis

55 1782 232 1882 faucibusque
249 1787 471 1869 gargarizatione
481 1782 609 1868 prosunt.
625 1783 729 1846 Sextus

55 1863 227 1950 Pomponrus
248 1869 375 1947 praetorii
393 1868 448 1927 viri
469 1864 728 1949 pater,Hispaniae

54 1947 189 2012 citerioris
205 1949 358 2030 princeps,
376 1948 444 2008 clim
458 1947 567 2008 horreis
583 1945 638 2008 suis
657 1968 728 2011 ven·

55 2028 162 2092 rilandis
182 2028 373 2110 praesideret,
394 2045 544 2111 correptus
559 2026 662 2089 dolore
677 2050 730 2110 po·

54 2108 163 2194 dagrae,
176 2109 283 2170 mersit·
299 2111 328 2170 in
348 2109 474 2169 triticum
496 2106 556 2168 sese
573 2107 663 2189 super
696 2129 729 2170 e·

52 2190 123 2254 nua':
145 2187 317 2271 levatusque
336 2190 447 2251 siccatis
466 2187 590 2270 pedibus
610 2128 729 2251 mirali-

52 2270 106 2333 lem
123 2275 155 2332 in
177 2269 319 2342 modum,
337 2270 394 2331 hoc
409 2267 508 2352 postea
520 2269 652 2331 remedio
663 2269 729 2330 usus

51 2349 97 2413 erl
116 2352 174 2414 Vis
194 2367 272 2411 tanta
290 2349 352 2424 est,
370 2367 402 2411 ut
414 2352 503 2411 cados
515 2351 618 2431 plenos
629 2352 729 2409 siccet.

51 2431 162 2495 Paleam
184 2451 303 2514 quoque
323 2432 429 2504 tritici,
444 2431 497 2492 vel
518 2429 643 2499 hordei,
660 2427 730 2487 cali·

48 2512 113 2574 dam
129 2513 246 2594 imponi
264 2512 402 2572 ramicum
418 2507 612 2570 incommodis
630 2527 744 2586 exper·.

49 2596 70 2654 ti
88 2591 216 2674 jubent,
236 2591 350 2674 quique
367 2587 497 2652 decodlae
511 2586 574 2648 sunt
592 2587 666 2667 aqud
683 2584 730 2648 fo·

48 2676 119 2735 veri.
141 2672 195 2734 Est
215 2672 249 2735 δι
265 2675 296 2732 in
313 2670 388 2733 farre
406 2666 580 2731 vermiculus
606 2667 743 2734 teredini

46 2755 169 2817 similis:
189 2772 250 2834 quo
268 2755 349 2817 cavis
366 2753 504 2827 dentium
517 2748 584 2810 cert
600 2747 728 2821 incluso,

47 2834 156 2897 cadere
168 2833 261 2893 vitiati
277 2832 528 2911 dicuuturaetiam
544 2832 568 2890 si
581 2824 727 2899 fricentui‘r

87 2918 197 2979 Tamus
211 2915 230 2977 1
234 2915 270 2976 V.
335 2964 338 2969 .
566 2909 592 2972 L
