1967 3600
207 237 251 314 88
326 239 362 309 Ct
382 210 562 329 Prima
583 236 773 307 Nava.

203 358 496 442 nitroprosunt.1tenr
506 377 692 437 mammarum
704 356 903 431 duritiaezRaa'

130 496 132 500 .
204 442 303 503 dicum
316 443 385 502 cinis
398 461 461 501 uvae
479 442 507 498 in
522 436 650 505 saucibus
670 438 791 501 tumenti
809 439 901 501 tasin

203 522 360 584 medetur:
377 522 409 582 &
427 518 570 602 parotidas
595 540 663 579 cum
691 518 777 579 malie
796 519 901 581 illitus

204 605 354 684 reprimit:
366 599 542 682 serpentium
552 598 662 660 morsus
670 597 756 662 sanat.
767 598 899 660 Vitium

205 683 338 745 brassica
365 701 454 741 unum
476 681 509 742 dt
528 700 663 762 magnum
683 699 899 762 argumentum

205 763 366 833 addemus,
395 762 428 823 dt
455 758 597 822 mirabile.
623 758 777 839 Crustae3si
796 782 900 823 occu-

204 860 275 924 pent
288 845 362 903 intus
379 839 446 902 vasa
460 843 575 913 omnia,
587 844 616 902 in
627 843 730 922 quibus
740 862 824 923 aquae
838 841 900 904 ser·
917 910 921 916 ,

198 940 276 986 'vent
291 924 322 982 in
339 940 448 983 tanturn
460 943 514 995 ,ut
533 943 595 981 non
614 925 651 982 sit
673 943 720 984 eas
740 923 898 996 avellere,

205 1006 230 1064 si
246 1003 370 1064 brassica
388 1005 417 1064 in
434 1005 468 1062 iis
493 1003 699 1085 decoquatur,
719 1000 897 1072 abscedunt.

244 1081 402 1145 XXXVII.
421 1081 661 1145 Intersilvestres
692 1084 832 1145 brassicas
861 1086 898 1147 &

204 1162 317 1247 lapsana
328 1161 388 1237 est,
406 1164 516 1246 pedalis
533 1164 706 1233 altitudinis,
716 1161 830 1224 hirsutis
843 1162 898 1224 so-

204 1243 265 1319 liis,
285 1247 375 1326 sinapi
385 1245 502 1319 similis,
518 1244 573 1304 nisi
587 1244 739 1305 candidior
751 1241 823 1305 esser
834 1245 899 1305 flo-

204 1346 247 1387 re.
278 1323 422 1408 Coquitur
449 1327 478 1386 in
510 1325 586 1387 cibo.
616 1324 729 1387 Alvum
756 1324 830 1388 lenit
862 1326 898 1388 &

205 1406 310 1468 mollit.

245 1486 415 1551 XXXVIIL
438 1486 554 1550 Matina
574 1486 701 1548 brassica
726 1486 897 1548 vehemen-

203 1568 314 1645 tissime
336 1589 373 1629 ex
391 1567 526 1631 omnibus
547 1567 648 1627 alvum
661 1570 730 1627 ciet.
744 1564 896 1650 Coquitur

205 1667 325 1789 propter
355 1651 543 1710 acrimoniam
571 1668 639 1709 cum
659 1648 757 1731 pingui
784 1669 896 1725 carne,

232 1728 356 1790 omacho
377 1731 588 1790 inimicissima.

246 1809 388 1871 XXXIX.
407 1809 557 1871 Scillarum
571 1812 601 1869 in
613 1809 757 1871 medicini
774 1810 840 1871 alba
852 1809 896 1872 cst

227 1911 271 1950 uae
289 1889 447 1965 masculus,
461 1890 568 1950 femina
587 1892 676 1973 nigra.
697 1889 776 1971 Quae
797 1893 898 1954 candi·

205 1912 322 2030 dissima
345 1968 453 2044 fuerit,
476 1970 630 2031 utilissima
647 1972 709 2032 erit.
731 1971 809 2034 Huic
839 1975 899 2033 ari·

206 2051 250 2120 dis
272 2052 375 2112 tunicis
394 2050 518 2133 direptis
536 2053 618 2133 quod
637 2053 897 2134 reliquumevino

206 2129 266 2210 est,
287 2128 450 2194 consessum
465 2127 647 2213 suspenditur
669 2133 750 2206 boo,
768 2133 897 2195 modicis

206 2211 375 2290 intervallis.
400 2210 507 2274 Postea
532 2213 611 2273 arida
636 2210 724 2273 frusta
742 2214 774 2272 in
791 2213 898 2274 cadum

206 2294 280 2372 aceti
300 2291 391 2374 quim
418 2291 570 2374 asperrimi
594 2292 751 2376 pendentia
773 2296 898 2356 immer-

227 2392 328 2445 untur,
347 2376 386 2433 ita
401 2395 437 2434 ne
461 2373 527 2436 ussai
541 2391 622 2455 parte
643 2395 694 2435 vas
717 2376 899 2458 contingant.

205 2396 273 2515 ἕως
292 2451 325 2516 sit
341 2470 405 2517 ante
426 2452 478 2516 -sol
487 2453 619 2527 stitium,
650 2454 754 2516 diebus
779 2472 899 2538 {tl-vm

205 2529 312 2616 Gypso
333 2535 437 2598 deinde
461 2535 577 2598 oblitus
598 2535 686 2595 cadus
708 2533 826 2616 ponitur
844 2535 896 2596 sub

205 2616 331 2695 tegulis,
353 2618 439 2682 totius
480 2616 538 2676 diei
565 2611 665 2698 Solem
683 2616 741 2676 acci
763 2613 899 2698 ienribus.

205 2692 273 2776 Post
293 2715 365 2758 cunr
380 2715 465 2758 nume
476 2699 542 2782 turp
555 2696 674 2776 >dierum
693 2636 803 2758 tolsitur
825 2719 899 2778 vas,

203 2768 282 2866 scilla
295 2776 427 2866 sumitur
434 2820 450 2867 ρ
467 2769 587 2866 acetum
603 2770 819 2864 rr'apssundirur.
831 2767 901 2864 Hoc
