1967 3600
210 273 258 377 82
310 275 345 344 C.
371 270 544 341 Ptrnrr
562 252 756 339 Neron(

210 410 297 455 aceto
320 391 515 474 decoquatur,
531 389 619 449 utinae
636 388 761 447 tormina
773 385 918 451 &cotie

211 473 291 536 Item
310 472 444 535 morbum
466 471 577 550 regium
589 467 728 540 emulso,
744 469 769 527 si
780 471 844 530 sine
859 470 917 530 fe-

211 556 268 617 bre
287 557 332 616 sit.
349 552 484 614 Vesicam
503 547 632 628 adjuvat.
654 549 814 609 Mulierum
836 552 916 631 qui·

214 637 285 698 dem
305 631 520 717 purgationibus
533 628 686 690 decoclum
696 632 726 688 in
737 629 812 711 aqui
823 632 916 692 adeb

213 713 352 810 prodest,
370 728 402 772 ut
423 718 573 772 emortuos
595 727 689 790 partus
711 711 814 770 trahat.
833 710 914 772 Ad-

212 798 315 880 jiciunt
333 792 413 876 Magi
424 789 532 869 ,succo
552 793 642 853 totius
658 811 725 851 cunt
749 791 820 851 oleo
831 813 916 873 per-

214 875 317 937 undos
331 872 550 937 favorabiliores
565 870 629 932 fieri
639 917 650 944 ,
662 874 694 933 dt
706 893 771 954 quae
783 873 885 933 velint
898 918 915 945 ,

215 956 329 1017 facilius
348 957 514 1036 impetrare.
536 951 630 1032 Quod
642 952 762 1035 quidem
777 971 915 1036 propter

214 1035 388 1177 singularem
407 1035 601 1096 salubritatem
611 1034 699 1118 aliqui
708 1032 845 1094 chreston
854 1055 916 1118 ap·

214 1118 344 1201 pelam,
363 1117 411 1177 alii
430 1116 605 1198 pancration.
727 1152 730 1157 ·

257 1196 371 1259 XXXI.
386 1202 423 1258 Et
437 1194 567 1257 silvestre
582 1215 689 1278 genus,
710 1195 757 1255 alii
782 1195 913 1278 hedyp-

213 1279 304 1341 noida
328 1295 454 1351 vocant,
473 1277 581 1338 latioris
606 1274 678 1337 folii.
694 1274 909 1338 Stomachum

214 1358 382 1421 dillolutum
405 1357 510 1418 adstrin
530 1360 552 1419 't
567 1355 664 1419 coda:
687 1356 835 1440 crudaque
863 1361 912 1418 si·

215 1439 265 1503 stit
283 1441 391 1501 alvum.
407 1439 474 1501 Etd
510 1439 641 1498 entericis
659 1436 793 1577 grodest‚
810 1441 912 1521 magis

218 1542 288 1582 cum
306 1521 392 1580 lente.
407 1519 506 1600 Rupta
518 1520 551 1580 &
564 1539 662 1578 convu
674 1515 703 1577 sa
715 1536 840 1600 utroque
852 1540 910 1601 ge·

217 1623 288 1741 nege
304 1599 452 1739 juvanttlgr.
470 1598 549 1740 Itfleim¹
563 1598 668 1681 quibus
680 1601 810 1682 genitura
821 1602 911 1699 vale-¹

218 1699 253 1743 tu
275 1703 327 1740 uus
346 1702 410 1741 mor
432 1701 485 1740 oe
519 1696 577 1741 uat.

260 1760 386 1824 XXXII.
399 1759 476 1822 Seris
495 1761 528 1823 &
544 1758 604 1844 ipsa
616 1758 731 1823 laurea
740 1761 912 1838 simillima,'

215 1842 345 1906 'duorum
356 1862 492 1926 generum
506 1841 565 1902 est:
582 1841 718 1905 silvestris
728 1844 843 1905 melior.
855 1843 911 1905 Ni·

217 1945 270 2008 gra
285 1923 353 1997 ista,
374 1924 406 1985 &
427 1921 536 1983 aestiva.
557 1920 699 1984 Deterior
717 1923 855 1998 hiberna,
873 1927 910 1988 ὃ(

219 2003 381 2065 candidior.
400 2002 533 2086 Utraque
555 2023 670 2078 amara,
687 2001 836 2068 stomacho
850 2009 911 2067 uti·

217 2086 355 2158 lissima,
379 2085 525 2168 praecipue
554 2104 644 2168 quem
671 2084 778 2146 humor
804 2103 912 2150 vexan

220 2162 300 2227 Cum
318 2182 401 2226 aceto
418 2167 450 2225 in
467 2166 536 2227 cibo
553 2164 720 2249 refrigerant
739 2165 790 2228 vel
804 2165 910 2230 illitas:

217 2244 430 2330 discutiuntque
453 2245 485 2307 dc
503 2247 607 2320 alios,
636 2246 723 2329 quam
752 2243 910 2311 stomachi.

220 2326 301 2390 Cum
310 2328 430 2410 polentd
440 2326 613 2388 silvestrium
629 2329 745 2388 radices*
760 2328 908 2390 stomachi

219 2409 308 2472 tausd
319 2408 470 2486 sorbentur
481 2429 489 2468 z
502 2407 684 2470 &cardiacis
698 2409 846 2470 illinuntur
862 2407 911 2469 su·

244 2512 276 2552 er
294 2489 433 2553 sinistram
448 2509 608 2551 mammam
624 2510 660 2550 ex
674 2507 767 2553 aceto.
787 2488 910 2551 Omnes

284 2572 317 2633 dt
358 2572 501 2655 odagricis
517 2572 619 2650 utiles,
633 2570 665 2631 dt
677 2568 845 2651 saugulnem
856 2591 911 2636 re,-

222 2595 390 2733 iicientibus
404 2675 412 2718 t
431 2650 506 2713 Item
518 2653 621 2734 quibus
630 2654 760 2733 genitura
770 2649 859 2738 fluat,
868 2653 910 2713 al·

222 2745 308 2791 terno
328 2733 533 2813 dierum'potu.
557 2731 707 2792 Petronius
728 2728 907 2806 Diodotus,

221 2810 908 2897 quianthologoumenascripsit,intotumdam·
