1967 3600
213 244 436 316 Hieron.
455 240 529 314 Lib.
550 240 650 315 XIX.
727 261 767 341 53

114 382 198 424 manos
215 363 340 444 semper,
356 362 466 422 indicio
477 358 519 420 est
530 359 702 442 Tarquinius
717 351 771 422 Su·

114 444 216 521 petbus,
229 447 275 527 qui
293 445 423 526 legatisa
439 439 501 502 filio
520 442 772 502 missisdecutien-

115 524 145 582 do
160 544 294 606 papavera
312 526 343 582 in
361 525 448 583 horto
467 522 619 594 altissima,
630 518 772 603 sanguina·

115 606 174 664 rium
194 605 260 665 illud
281 601 449 685 responsum
478 602 532 662 hae
558 600 625 662 fatti
650 601 773 684 ambage

113 685 227 746 reddidit·

142 764 209 825 LIV.
226 762 333 825 Rursus
353 760 409 826 alio
434 764 571 824 comitatu
596 760 771 845 aequinoslio

111 848 218 905 autumni
244 844 374 907 seruntur
393 843 592 913 coriandrum,
608 844 768 924 anethum,

111 926 230 1006 atriplex,
251 925 370 995 malva,
388 924 554 1004 lapathum,
569 923 764 992 caeoefolium.

111 1006 176 1083 quod
210 1005 337 1066 aderota
355 1002 453 1066 Graeci
470 1019 596 1064 vorant:
615 1006 647 1065 δι
669 1006 769 1064 acerri-

109 1104 176 1146 mum
188 1028 301 1169 lipore,
319 1086 393 1168 ignei
407 1081 543 1156 effeetus,
564 1104 596 1143 ac
621 1083 769 1146 saluberri-

107 1184 176 1225 mum
193 1187 325 1247 corpori,
343 1167 455 1246 sinapi,
475 1163 553 1225 nulli
567 1163 693 1235 culturi,
704 1185 766 1226 me·

109 1243 256 1308 linteamen
284 1247 382 1329 planti
399 1244 510 1306 tralata,
530 1242 616 1321 Quin
636 1263 652 1302 e
673 1246 768 1306 diver·

108 1321 137 1384 so
151 1329 192 1386 vix
204 1326 243 1387 est
260 1327 322 1387 sato
344 1325 435 1386 semel
457 1344 496 1384 eo
515 1322 635 1383 liberare
651 1323 768 1399 locum,

25 1428 26 1431 ¹
101 1411 224 1544 proniani
249 1406 346 1468 semen
379 1406 484 1468 cadens
522 1405 655 1487 protinus
681 1406 769 1467 viret.

133 1484 170 1546 sur
188 1486 243 1566 ejus
262 1491 349 1548 etiam
367 1507 421 1568 pro
441 1484 634 1567 pulmentario
658 1485 689 1543 in
714 1507 769 1567 pa·

100 1565 171 1626 tellis
189 1567 327 1643 decusso,
356 1570 428 1627 citra
447 1564 625 1626 intelleslum
643 1567 768 1626 acrimo-

99 1647 160 1707 nire.
169 1645 211 1709 Co
231 1665 334 1709 uuntur
353 1649 386 1709 &
401 1647 486 1718 folia,
506 1648 577 1706 sicut
588 1645 767 1728 reliquorum

97 1670 290 1791 metantium
299 1746 395 1790 autem
407 1729 493 1787 trium
501 1746 658 1809 generum:
676 1749 766 1789 unum

95 1809 208 1890 gracile,
219 1810 339 1871 alterum
358 1808 450 1869 simile
462 1830 492 1868 ra
514 1810 524 1866 i
537 1806 632 1882 soliis,
648 1812 766 1870 tertium

94 1907 190 1950 eruca.
206 1889 312 1951 Semen
324 1891 466 1971 optimum
480 1830 661 1971 AEgyptium.
672 1889 767 1952 Athe·

25 1969 26 1976 ’
94 1969 197 2031 aienses
214 1991 294 2052 napy
319 1971 562 2051 appellaverunt,
581 1968 629 2029 alii
649 1971 763 2051 thapsi,

93 2049 140 2109 alii
155 2049 272 2111 sautiou.

84 2189 90 2204 ,
128 2129 188 2191 LV.
202 2130 339 2211 Serpyllo
358 2133 391 2193 &
411 2130 450 2191 sis
469 2131 563 2191 mbrio
574 2147 689 2192 montes
701 2132 765 2213 ple·

91 2210 167 2291 rique
177 2209 304 2290 scalent,
324 2215 397 2271 sicut
408 2213 439 2271 in
478 2210 590 2272 h'racii:
606 2216 704 2295 utique
717 2212 765 2273 de·

89 2288 180 2351 serunt
201 2312 237 2352 ex
258 2292 302 2351 his
322 2289 435 2352 avulsos
458 2312 572 2364 ramos,
594 2289 763 2371 serumque.

89 2365 157 2431 ltem
176 2370 222 2432 Sic
247 2391 304 2432 one
317 2392 352 2431 ex
363 2371 417 2432 suis
435 2372 600 2443 montibus,
616 2374 650 2432 &
672 2369 767 2429 Athe-

89 2452 129 2510 nis
149 2472 185 2512 ex
208 2393 363 2532 llymetto.
391 2450 481 2511 Simili
499 2450 592 2510 modo
608 2452 641 2510 &
661 2445 766 2526 sisym-

88 2527 176 2590 brium
195 2530 301 2594 serum.
325 2531 517 2591 Laetissimum
535 2525 658 2587 nascitur
669 2528 699 2585 in
713 2550 766 2611 pu·

91 2624 197 2671 reorum
225 2613 407 2693 parietibus,
428 2612 460 2673 &
484 2610 560 2671 circa
586 2605 704 2690 piscinas
728 2630 761 2672 ae

89 2685 177 2840 stains
176 2770 199 2835 Ι.
219 2789 251 2854 9.
266 2769 388 2855 Reliqua
402 2770 465 2835 sunt
478 2770 542 2835 seru
555 2767 760 2912 laglsselffl‘

616 2870 646 2930 ¹¹1

789 2717 814 2758 »i
