1967 3600
170 344 389 445 Hirron.
415 338 487 411 Lib.
514 337 600 411 XX.
674 364 716 436 93

63 474 100 526 les
113 484 226 547 quoque
247 460 271 523 si
293 477 435 544 aegrotent
455 461 485 518 in
505 457 641 541 piscinis,
660 456 726 540 apio

63 546 130 607 viridi
153 560 330 606 recreantur.
360 539 471 601 Verum
497 540 575 622 apud
600 539 729 598 eruditos

64 647 109 686 nm
125 626 197 686 aliud
218 641 335 686 erutum
352 621 427 682 terri
440 624 468 680 in
480 619 593 700 majore
612 618 730 679 senten·

64 707 146 766 riarum
175 710 320 767 varietate
352 701 404 763 est.
433 699 624 783 Distinguitur
650 698 728 761 sexu.

66 784 152 868 Chrysi
172 809 227 868 pus
250 785 391 847 feminam
413 780 468 842 elle
488 782 557 841 dicit
583 778 641 840 cris
657 782 729 840 iori-

65 865 105 927 bus
122 810 194 928 fodis
214 869 248 930 &
266 867 361 934 duris,
390 858 477 922 crasso
508 861 608 936 caule,
637 880 727 942 apore

66 950 109 1007 acri
119 947 282 1010 &fervidm
301 945 467 1024 Dionysius
478 943 651 1025 nigriorem,
662 942 727 1001 bre·

65 1029 138 1091 vioris
148 1030 267 1101 radicis,
289 1025 465 1088 vermiculos
475 1014 727 1105 gignentemmmss

65 1106 98 1185 bo
113 1129 242 1171 neutrum
264 1108 300 1168 ad
317 1105 399 1166 cibos
420 1103 650 1173 admittendum,
672 1104 729 1162 im·

66 1181 728 1263 moomninonefastnamiddefuntlorumepu·

68 1268 96 1327 lis
114 1269 241 1332 feralibus
268 1269 393 1329 dicatum
419 1263 494 1326 elle:
511 1263 589 1324 visus
612 1282 729 1345 quoque

69 1348 168 1411 claritati
187 1352 345 1411 inimicum.
367 1346 459 1408 Caule
484 1343 601 1404 feminae
620 1345 731 1403 vermi·
766 1342 769 1345 ’

70 1429 137 1492 culos
153 1433 237 1515 gigni.
254 1430 328 1492 ldeo
351 1447 387 1488 ue
407 1447 459 1488 eos
478 1428 528 1508 qui
542 1419 732 1496 ederint,ste·'

69 1509 197 1584 tileicere,
215 1532 311 1572 mares
329 1450 519 1589 deminasque.
550 1502 583 1564 In
626 1522 733 1597 uerpef

70 1592 110 1650 tiis
129 1596 196 1654 verb
213 1593 249 1652 ab
271 1612 309 1653 eo
330 1589 396 1650 cibo
416 1585 572 1649 comitiales
596 1525 660 1644 (deri
701 1604 731 1642 ur

70 1671 146 1732 ubera
154 1675 297 1749 {hauriunt
318 1669 687 1731 Innocentioremtamene
711 1680 729 1743 e

71 1772 175 1817 narem.
188 1754 287 1838 anue
299 1749 380 1813 causa
396 1747 456 1821 est,
474 1768 511 1809 ne
523 1749 595 1807 inter
605 1743 730 1807 nefastos

71 1831 171 1896 frutices
197 1836 357 1896 damnetur.
385 1830 578 1891 Mammarum
598 1826 732 1887 duritiam

72 1914 197 1997 impositis
215 1916 291 1978 foliis
310 1912 435 1975 emollit.
462 1908 615 1971 Suaviores
642 1925 730 1989 aquas

72 1999 144 2074 potui
159 1997 297 2058 incudum
310 1991 432 2078 praestat.
444 1989 538 2051 Succo
549 1990 672 2050 maximl
683 2008 728 2047 ra·

73 2075 135 2136 dicis
151 2098 212 2137 cum
233 2080 305 2139 vino
325 2073 491 2135 lumborum
517 2071 633 2131 dolores
652 2069 733 2129 miti-

74 2173 121 2236 gat.
139 2156 245 2219 Eodem
262 2156 328 2238 jure
345 2154 479 2214 instillato
500 2155 670 2233 gravitatem
686 2159 733 2208 au·

74 2238 146 2297 rium.
162 2236 273 2300 Semine
293 2237 405 2296 urinam
425 2237 501 2305 ciet,
515 2229 677 2301 menstrua,
698 2249 732 2289 ac

76 2314 193 2379 secundas
237 2318 324 2379 artus.
343 2316 399 2389 Et,
416 2317 439 2374 si
452 2312 605 2374 foveantur
622 2309 732 2372 semine

76 2341 335 2484 deco&0,AEffillata
354 2396 449 2457 reddit
469 2395 571 2474 colori.
592 2389 670 2452 Cum
681 2387 735 2447 ovi
791 2445 797 2451 ,

76 2477 133 2539 albo
144 2481 257 2554 illitum,
278 2494 327 2539 aut
344 2498 380 2538 ex
395 2475 468 2559 aqui
487 2472 603 2533 coetum
617 2483 737 2550 potum·

76 2577 126 2637 que
142 2561 250 2621 renibus
278 2558 412 2619 medetur
432 2578 441 2615 t
462 2556 492 2612 in
509 2549 614 2630 frigidi
639 2547 737 2606 trimm

75 2641 127 2698 oris
143 2642 291 2702 ulceribus.
311 2637 417 2698 Semen
438 2652 505 2694 cum
521 2632 610 2698 vino,
631 2624 681 2688 Vel
694 2645 738 2684 Μ·
833 2701 840 2712 „

75 2716 121 2777 dix
133 2740 192 2780 ‚tum
202 2720 299 2783 veteri
308 2720 395 2788 vino,
410 2714 515 2775 vesicae
526 2708 652 2771 calculos
664 2704 739 2765 fran-

76 2815 145 2939 gant.
165 2800 271 2866 Semen
298 2798 381 2860 datur
404 2792 585 2880 &arquatis
604 2808 642 2851 ex
666 2787 738 2870 vina

76 2896 90 2937 a
115 2899 140 2943 o.
727 2877 733 2892 ⁸
