1967 3600
196 281 627 367 Hrsrort.'Lib.XXl.
676 285 740 358 mr

26 470 27 475 ,
121 400 278 467 XXXVIII.
299 400 418 463 Florum
434 401 528 482 prilna
546 421 601 462 ver
623 403 741 462 nuntiata

26 482 28 515 ¹
93 482 152 544 tium
167 483 238 545 viola
261 481 332 544 alba.
353 480 563 563 Tepidioribus
581 482 655 542 vero
675 480 747 543 locis

93 565 166 624 etiam
181 565 270 625 hieme
287 564 404 623 emicat.
420 560 520 622 Postea
540 583 605 643 quae
628 563 679 622 ion
696 582 744 644 ap·

92 645 212 723 pellatur,
227 645 259 706 &
274 663 426 725 purpurea.
448 641 581 703 Proxime
589 641 750 719 «flaminem
801 672 804 677 ·

26 722 27 725 ’
92 743 144 803 qua
160 724 287 804 &phlox
305 742 444 790 vocatur,
467 720 604 783 silvestris
632 721 749 782 dumta-

93 819 164 865 tarat.
182 802 384 885 cyclaminum
407 804 451 862 bis
472 805 749 875 auno,vere&au·

92 898 187 945 tumno:
202 882 311 944 aestates
329 880 496 964 hiemesque
509 881 540 941 fu
560 885 591 942 it.
613 879 743 944 Seriorea

92 960 245 1044 supradietis
269 963 426 1046 aliquando
447 903 582 1022 narcilfira
602 961 744 1024 &lilium

92 1059 153 1105 trans
166 1046 267 1105 maria:
284 1047 314 1104 in
325 1042 406 1105 ltalia
416 1043 551 1125 quidem,
562 1058 594 1103 ut
602 1042 745 1118 diximus,

90 1123 141 1203 poll
152 1124 248 1186 rosam.
269 1124 347 1185 Nam
359 1126 388 1183 in
398 1118 514 1184 Graecih
522 1123 629 1184 tardius
639 1126 742 1185 etiam·

90 1224 144 1265 nutu
159 1226 309 1267 anemone
327 1203 377 1265 Est
388 1220 484 1264 autem
494 1204 556 1264 haec
570 1201 742 1264 silvestrium

87 1282 219 1347 bulborum
236 1286 309 1360 llos,
328 1287 438 1367 aliaque
463 1284 550 1367 qulam
571 1305 636 1365 quae
661 1283 743 1344 dict·

87 1368 160 1426 turin
181 1366 342 1428 medicinis.
363 1365 399 1425 Se
421 1367 498 1434 uitur
518 1364 745 1438 oenanthe,me·

87 1445 204 1508 lianthum
223 1468 231 1506 ε
253 1466 291 1507 ex
324 1387 504 1533 silvestribus
531 1442 743 1525 heliochrysos.

86 1523 181 1588 Deinde
202 1529 327 1588 alterurn
367 1547 437 1586 enus
466 1546 652 1596 ammones,
676 1544 742 1607 quae

85 1605 184 1668 limonia
197 1626 330 1669 vocatur.
348 1547 416 1668 I’ost
433 1607 507 1666 hanc
525 1605 665 1687 gladiolus
686 1625 741 1666 co·

85 1687 179 1751 milatus
200 1686 376 1769 hyacinthis.
402 1685 572 1747 Novissima
591 1684 669 1748 rosa:
689 1706 741 1761 ea·

85 1766 189 1865 demque
206 1770 301 1853 prima
318 1764 437 1842 deficit,
456 1766 580 1850 excepti
598 1766 703 1828 sativa:
721 1785 739 1829 e

84 1866 168 1911 ceterrs
186 1849 360 1932 hyacinthus
378 1850 502 1910 maxime
526 1849 624 1923 durat,
636 1850 668 1909 &
679 1848 740 1908 vio-

84 1927 185 2002 huba,
205 1932 237 1993 &
262 1930 419 1995 oenanthe:
433 1930 482 1991 sed
502 1930 565 1993 haec
580 1930 674 2003 ita,si
694 1929 739 1989 di·

83 2009 147 2071 vulsa
162 2012 262 2073 crebri>
281 2011 465 2094 prohibeatur
480 2013 512 2072 in
529 2008 632 2073 semen·
648 2008 737 2071 abire.

82 2086 191 2153 Nascitur
206 2092 279 2154 locis
296 2093 410 2175 tepidis.
429 2090 517 2154 Odor
534 2093 613 2152 idem
632 2092 658 2150 ei
669 2092 738 2171 ,qui

81 2174 283 2252 germinantibus
304 2174 390 2245 uvis,
413 2188 499 2255 atque
515 2172 583 2232 inde
598 2190 717 2231 nomen.

112 2251 300 2335 Hyacinthum
322 2253 476 2314 comitatur
491 2251 586 2312 fabula
607 2251 738 2332 duplex,'

82 2328 169 2394 luhum
187 2332 341 2416 ptaeferens
362 2331 424 2413 ejus
440 2354 529 2415 quem
540 2332 651 2414 Apollo
665 2330 739 2391 dile·

81 2430 164 2487 attat,
182 2432 229 2476 aut
246 2436 283 2475 ex
301 2412 399 2496 Ajacis
413 2435 517 2473 cruore
532 2413 621 2482 editi,
631 2413 672 2468 ita
681 2405 740 2466 dis·

82 2495 236 2556 currentibus
250 2499 334 2556 venis
344 2539 354 2565 ,
365 2512 397 2557 ut
417 2489 739 2559 Graecarumliteraruru

81 2568 153 2653 figura
173 2574 224 2638 Al
239 2576 266 2637 le
287 2593 349 2638 atur
365 2571 510 2654 inscripta.

113 2596 309 2738 Heliochrypos
337 2654 442 2715 florem
461 2652 548 2712 hahet
569 2669 640 2711 auro
659 2647 739 2728 siml}

83 2723 147 2805 leur,
165 2733 267 2799 folium
288 2753 399 2809 tenue,
424 2732 596 2795 cauliculum
619 2749 736 2813 quoque

82 2813 287 2895 natumsed
308 2815 422 2880 durum.
446 2812 516 2879 Hoc
543 2832 682 2897 coronare
703 2810 735 2894 se
