1967 3600
234 219 300 318 138
376 188 821 290 'crrrurrurr'vm

272 336 384 401 XCIX.
405 338 442 399 Et
459 337 496 398 de
514 332 684 397 carduorum
694 335 753 396 satu
761 340 851 396 inter
860 332 937 397 hor·
973 405 976 410 ⁸

226 423 319 483 tensia
331 421 471 480 diximus:
491 439 602 499 quapro
623 434 666 476 ter
682 419 715 479 &
730 418 931 477 medicinam

227 504 321 562 exiis
340 516 398 561 non
418 496 591 559 differamus.
603 440 781 558 lilvestrium
802 518 932 580 genera
974 512 979 573 j

223 581 292 643 funt
312 582 388 654 duo,
411 600 501 639 unum
531 578 695 639 fruticosius
718 601 735 638 a
756 579 847 638 terrai
876 577 932 638 sta·
978 576 980 600 ²

228 665 299 723 tim:
317 661 437 722 alterum
465 660 597 720 unicaule
622 659 753 720 crassius.
784 659 934 739 Utrique

227 741 298 802 folia
339 762 424 816 auca,
441 739 569 822 spinosa,
585 742 731 801 muricatis
750 740 933 800 cacumini·

224 823 293 883 bus.
318 763 376 882 led
403 822 474 882 alter
495 821 600 884 florem
624 840 802 902 purpureum
827 822 932 880 mittit

223 905 305 962 inter
324 901 438 964 medios
458 901 592 973 aculeos,
613 901 746 962 celeriter
760 898 930 961 canescen-

228 998 309 1058 tem,
326 985 358 1045 &
374 982 528 1043 abeuntem
554 1001 621 1040 cum
646 981 715 1041 auri
732 1004 739 1042 :
757 979 928 1062 scolymon

223 1061 328 1123 Graeci
344 1079 462 1138 vocant.
479 1063 536 1122 Hic
552 1079 703 1142 antequam
719 1061 827 1122 floreat
849 1083 927 1122 con·

224 1143 308 1204 tusus
328 1161 415 1226 atque
432 1141 596 1226 express'us,
613 1142 687 1203 illito
706 1141 792 1203 succo
810 1142 925 1223 alope-

228 1228 286 1285 cias
307 1226 408 1306 replet.
434 1225 529 1285 Radix
551 1221 754 1304 cujuscumque
777 1243 815 1283 ert
840 1222 923 1305 aqui

225 1305 351 1366 tlecokla
374 1307 525 1386 potoribus
549 1307 626 1364 sitim
649 1303 748 1365 facere·-
770 1321 922 1364 narratur.

229 1383 417 1447 Stomachum
437 1387 625 1446 corroborat:
643 1384 782 1446 &vulvis
795 1384 845 1465 (si
855 1403 920 1444 cre·

231 1466 345 1548 dimus)
358 1470 445 1526 etiarn
460 1465 592 1526 conferre
609 1465 717 1546 aliquid
731 1466 873 1538 traditur,
886 1476 921 1522 ut

204 1579 216 1623 j
229 1568 324 1608 mares
342 1549 500 1629 gignantur.
520 1545 561 1606 lta
577 1548 654 1606 enim
670 1543 806 1607 Chaereas
822 1545 917 1606 Athe·

225 1630 338 1688 niensis
350 1625 475 1708 scripsit,
489 1629 521 1689 δι
530 1623 679 1700 Glaucias,
694 1629 744 1708 qui
762 1629 839 1687 circa
850 1644 917 1686 car·

224 1707 305 1768 ¹duos
315 1706 553 1790 rdiligentissimus
562 1708 688 1768 videtur.
702 1707 843 1769 Masticlre
855 1726 914 1770 car·

229 1788 281 1850 dui
301 1788 425 1850 odorem
446 1789 632 1850 commendat
652 1791 721 1851 oris.

271 1868 313 1929 (3.Ι
328 1890 375 1945 24.
396 1870 474 1931 Ante
502 1868 649 1932 discellnm
672 1871 709 1934 ab
735 1869 915 1943 hortensiis,

229 1969 316 2009 unam
337 1951 586 2032 compositionem
603 1973 639 2012 ex
663 1951 707 2011 his
725 1953 912 2012 clarissimam

209 2035 212 2036 ’
229 2027 433 2103 subtexemus,
454 2032 592 2091 adversus
609 2048 750 2094 venenata
761 2033 911 2103 animalia,

229 2108 346 2169 incisam
371 2111 467 2193 lapide
492 2113 625 2173 versibus
653 2116 684 2172 in
709 2114 807 2174 limine
839 2112 911 2173 aedis

228 2189 390 2272 AEsculapii.
436 2190 563 2273 Serpylli
600 2192 690 2264 dulim
727 2195 910 2254 denariorum

223 2271 344 2352 'pondus
362 2295 369 2333 :
387 2276 580 2355 opopanacis,
593 2276 625 2336 &
642 2276 909 2346 mei,tantunrdem

228 2351 430 2435 singulorum,
451 2352 551 2413 trifolii
568 2354 682 2433 pondus
702 2355 824 2417 denarii:
839 2375 908 2415 ane·

231 2434 275 2510 si,
292 2436 325 2495 &
344 2432 462 2495 feniculi
476 2433 604 2509 seminis,
622 2437 654 2498 δι
667 2439 773 2508 ammi,
786 2438 819 2498 &
834 2438 906 2518 apii,

217 2513 414 2590 ⁴denariorum
426 2515 524 2576 sentim
535 2516 651 2598 singulis
662 2518 833 2598 generibus,
847 2515 907 2579 etri
978 2575 979 2594 p

227 2591 327 2656 farinae
346 2595 512 2658 duodecim.
523 2598 594 2657 Haec
604 2595 663 2657 tusa
672 2598 850 2680 cribrataque
868 2598 907 2656 vi·

228 2691 270 2735 no
287 2674 374 2759 quim
392 2680 484 2759 possit
502 2678 674 2752 excellenti,
694 2679 861 2762 digeruntur
877 2679 906 2738 ia
