1967 3600
238 255 298 332 'arr-
343 234 830 315 αΡιιΝιιΝΑτϋκ.

238 362 270 422 in
287 361 367 423 cibis.
385 360 478 422 Cibos
496 359 620 420 salubres
636 381 669 420 ac
690 359 769 421 lenes
788 360 943 441 pluribus.

239 442 336 503 modis
350 441 527 511 existimant,
537 442 585 578 gui
600 439 698 520 perlici
710 441 841 503 humano
852 464 935 505 vene

239 539 283 583 tre
293 543 352 584 non
362 537 487 601 queant,
506 519 534 578 se
573 540 632 578 non
650 520 855 585 intumescant.
875 522 934 584 Se-

239 605 318 663 mina
331 621 396 682 quae
416 600 547 681 proxima
565 600 643 659 collo
662 598 788 676 fuerint,
811 623 930 683 proce·

238 702 283 743 ras
299 683 427 761 pariunt:
448 683 519 739 item
541 678 577 738 ab
595 682 679 755 imis,
695 678 824 742 sednon
844 698 936 744 com-¹

238 760 376 841 parandas
389 758 478 840 'supra
495 758 574 821 ditiis
588 781 674 841 :quar
690 761 720 819 in
733 763 858 837 medio,
880 784 928 825 ro·

237 840 339 901 rundas
354 862 362 898 r
379 843 488 921 quaein
504 841 663 910 lateribus,
682 840 783 901 crassas
799 842 933 903 brevius

237 918 349 1000 resque.
358 918 505 979 Siccantur
522 923 551 979 in
571 921 687 995 cambrai,
705 923 816 983 &cum
831 924 927 984 libeat

237 998 348 1072 serere,
367 1003 398 1061 in
418 1000 492 1082 aquit
516 1018 703 1061 macerantur.
730 998 838 1074 Cibis,
862 1005 926 1085 quis

236 1080 381 1175 longiores
403 1081 630 1162 tenuioresque,
650 1083 687 1141 eb
709 1084 863 1162 gratiores.
885 1083 927 1144 Et

237 1161 278 1222 ob
294 1162 326 1221 ad
344 1161 533 1236 salubriores,
552 1182 617 1241 quae
633 1162 790 1243 pendendo
814 1184 927 1225 creve-

236 1262 288 1303 re:
304 1243 512 1322 minimumque
526 1240 639 1302 seminis
650 1242 722 1303 tales
732 1241 841 1304 habent
850 1289 860 1318 ‚
870 1244 926 1303 du-

236 1323 301 1384 ritib
313 1321 374 1401 ejus
395 1325 424 1382 in
443 1323 514 1383 cibis
532 1325 649 1404 gratiam
670 1324 854 1384 terminante.
870 1332 925 1387 Eas

237 1425 302 1485 quae
316 1402 416 1465 semini
427 1401 597 1473 serventur,
613 1420 680 1465 anre
698 1403 827 1463 hiemem
843 1422 923 1485 praa-

236 1484 293 1553 oidi
311 1505 370 1544 non
388 1481 430 1542 est
447 1503 521 1542 mos.
538 1481 639 1543 Postea
652 1481 734 1544 sumo
750 1485 913 1556 siccantur,

235 1563 396 1625 condendis
410 1563 624 1623 hortensiorum
641 1562 791 1624 seminibus
804 1564 922 1624 rusticae

236 1641 415 1723 supelleslili.
443 1641 565 1705 Inventa
585 1642 627 1704 est
653 1646 746 1717 ratio,
769 1645 828 1726 quai
848 1644 921 1709 cibis

236 1742 354 1806 quoque
367 1722 565 1787 servarentur:
584 1724 748 1806 eodemque
760 1724 856 1787 modo
867 1745 921 1786 ως

234 1808 342 1878 cumis,
355 1804 441 1886 usque
454 1805 490 1865 ad
501 1806 572 1865 alios
589 1826 677 1886 paene
688 1822 868 1886 proventus:
882 1807 917 1870 &

234 1884 266 1944 id
285 1885 405 1965 quidem
432 1906 462 1944 ιη
487 1886 580 1945 musii
603 1884 645 1947 fit.
671 1882 729 1946 Sed
750 1886 784 1948 &
799 1885 917 1958 scrobe,

234 1985 329 2043 opaco
345 1966 375 2026 in
393 1964 466 2025 loco
479 1966 566 2026 arenal
592 1963 731 2026 substrato
749 2010 760 2041 ,
785 1965 918 2106 senopue

244 2046 466 2125 siceoopertos,
476 2066 510 2105 ac
522 2046 729 2119 deindeterra,
739 2047 850 2118 virides
870 2066 918 2107 er·

233 2127 296 2187 vari
317 2125 442 2188 tradunt.
461 2124 533 2187 Sunt
552 2125 747 2189 &silvestres
773 2128 803 2186 in
823 2144 917 2204 utro·

232 2224 291 2345 §ue
312 2226 440 2286 genere,
459 2207 492 2267 &
508 2207 643 2267 omnibus
663 2206 724 2268 sere
747 2207 914 2268 hortensiis·

255 2284 292 2345 ed
302 2287 334 2346 ἃ
344 2287 387 2345 his
397 2286 730 2350 medicatanrlrmnarura
746 2286 800 2347 est.
809 2287 915 2368 Quam

233 2366 275 2430 ob
290 2385 352 2425 rem
369 2364 574 2427 differenturin
584 2365 799 2429 suavolumina.

246 2495 251 2500 .
271 2444 360 2508 XXV
361 2489 370 2506 .
390 2446 514 2529 Reliqua
531 2448 725 2528 cartilaginum
735 2466 842 2510 naturae
850 2463 908 2507 ter·

232 2526 265 2588 rb
278 2527 460 2590 occultantur
478 2530 585 2589 omnia.
611 2526 646 2592 In
664 2529 768 2610 quibus
782 2528 819 2589 de
835 2527 911 2608 rapis

234 2605 347 2670 abunde
363 2608 462 2669 dixisse
474 2627 640 2687 poteramus
648 2610 763 2682 videri,
778 2610 833 2668 nisi
849 2625 912 2667 me*

233 2684 291 2748 dici
299 2683 446 2746 masculini
454 2686 537 2745 sexus
546 2688 673 2748 facerent
681 2691 710 2748 in
717 2687 760 2748 his
769 2686 909 2758 rotunda,

231 2763 333 2834 latiora
348 2769 421 2832 verb
431 2768 463 2833 δι
473 2766 759 2844 concavaseminini,
772 2766 912 2860 prasian-

836 2861 914 2920 uorat
