1967 3600
202 249 252 347 289
326 253 362 325 C.
388 254 564 323 Prrnrr
588 251 770 321 NAr‘ura.

197 370 345 431 ‚utilissimi
364 369 542 433 traduntur:
561 369 634 429 sicut
657 367 758 429 somno
786 368 906 433 aestiva

201 452 328 511 maximi
337 450 459 523 laduca,
469 452 501 510 ὅ(
512 470 606 510 amara
615 448 788 532 ladensque,
800 458 905 533 quatit
977 476 978 479 ¹

203 531 388 594 meconidem
411 532 592 590 vocavimus.
610 531 678 591 Hoc
698 529 741 589 lac
764 533 801 592 δι
820 553 905 592 ocu·
977 530 979 561 ²

203 612 300 673 lorum
317 610 432 670 claritati
446 631 514 670 cum
532 611 665 671 muliebri
684 610 753 671 ladio
768 612 905 671 utilissi-

200 713 286 753 mum
300 688 355 750 esse
375 691 556 771 praecipitur,
573 692 641 752 dum
653 689 836 770 tempestive
849 713 904 751 ea·

201 774 256 852 piti
272 774 455 852 inunguntur.
472 771 637 833 Oculorum
652 792 770 852 quoque
788 773 900 844 vitiis,

202 872 269 932 quae
283 850 388 933 frigore
402 852 432 910 in
446 852 480 911 iis
493 850 564 910 fabia
584 850 657 910 sunt.
670 850 760 911 Minas
772 853 808 912 ὃ(
822 852 901 912 alias

201 933 321 991 invenio
346 931 465 992 laudes:
484 931 607 992 thoracis
629 933 715 992 etiarn
724 933 806 991 vitiis
819 940 899 1014 pro'·

201 1009 299 1085 desse,
316 1032 376 1071 non
394 1010 476 1072 secus
497 1011 584 1094 quim
604 1011 802 1085 abrotonum,
821 1032 899 1072 cum

196 1092 292 1153 'melle
309 1088 420 1152 Attico.
440 1090 555 1173 Purgari
573 1092 605 1152 &
621 1090 743 1152 seminas
762 1093 825 1152 hoc
852 1095 899 1152 ci-

201 1171 253 1232 bo.
265 1170 371 1232 Sernen
382 1171 533 1232 sativarum
547 1188 646 1232 contra
656 1170 828 1253 scorpiones
847 1173 898 1233 da·

195 1254 236 1312 ri.
259 1250 374 1314 Semine
398 1255 466 1313 trito
489 1273 526 1312 ex
545 1254 617 1314 vino
638 1272 711 1334 poto
734 1255 768 1314 ὃ(
789 1252 897 1313 libidi-

195 1336 274 1393 ‘num
300 1335 516 1417 imaginationes
541 1334 571 1391 in
598 1331 699 1393 somno
728 1331 893 1416 compesci.

203 1412 363 1476 Tentantes
373 1434 459 1493 aquas
471 1434 530 1474 non
540 1432 646 1473 nocere
654 1412 791 1474 inducam
802 1415 895 1474 eden-

202 1495 290 1556 tibus.
311 1494 442 1574 Quidam
460 1511 557 1554 tamen
575 1491 784 1574 frequentiores
803 1497 836 1555 in
848 1497 895 1554 ci·

140 1579 145 1590 ⁸
202 1575 244 1635 bo
265 1573 383 1636 officere
395 1573 515 1633 claritati
528 1573 679 1635 oculorum
695 1574 892 1635 tradiderunt.

243 1653 370 1715 XXVII.
395 1654 423 1717 8.
444 1652 509 1732 Nec
529 1654 597 1714 beta
615 1657 674 1715 sine
695 1656 833 1716 remediis
848 1654 892 1715 est

201 1751 333 1817 utraque.
344 1733 413 1797 Sive
424 1734 834 1875 candidae‚sive.nipraeradix
845 1756 893 1796 re·

201 1836 293 1889 cens,
310 1818 343 1878 δι
363 1815 522 1877 madesada
536 1861 549 1888 ,
577 1815 707 1897 suspena
734 1816 889 1888 funiculo,

194 1915 303 1956 ⁴contra
320 1895 495 1977 serpentium
510 1896 621 1957 morsus
641 1896 743 1958 efficax
762 1896 822 1958 effe
844 1899 890 1958 di·

196 1979 285 2038 ·citur.
312 1976 443 2038 Candida
466 1976 534 2037 beta
561 1975 660 2051 coda,
680 1979 712 2049 ὃ(
729 1998 795 2038 curn
816 1978 888 2040 allio

201 2058 294 2117 crudo
313 2056 423 2137 sumpta
440 2074 540 2118 contra
550 2060 658 2118 tineas:
673 2060 760 2140 nigrae
773 2060 887 2120 radices

200 2141 243 2197 ita
264 2140 294 2196 in
311 2137 384 2220 aqud
396 2136 504 2209 cosiae,
522 2140 698 2220 porriginem
709 2139 833 2202 tollunt:
848 2154 887 2199 at·

222 2235 258 2275 ue
273 2220 303 2276 in
320 2235 414 2278 totum
438 2216 584 2278 efficacior
596 2217 651 2280 esse
663 2220 783 2280 traditur
791 2222 884 2303 nigra.

201 2237 311 2359 ducens
320 2295 381 2377 ejus
389 2299 487 2379 capitis
503 2298 622 2359 dolores
635 2317 766 2372 veteres,
777 2303 809 2362 &
819 2313 886 2363 ver·

201 2380 324 2461 riginos:
343 2380 413 2440 item
443 2376 568 2440 sonitum
590 2381 701 2441 aurium
723 2379 820 2453 sedat,
838 2384 885 2441 iu-

200 2458 278 2521 sosus
297 2460 351 2519 iis:
369 2460 428 2523 ciet
447 2462 570 2519 urinam.
592 2459 730 2520 Medetur
746 2462 888 2541 dysente-

193 2541 266 2599 ricis
276 2538 395 2618 injeda,
409 2540 442 2604 δι
451 2540 557 2602 morbo
566 2543 655 2624 regio.
668 2540 799 2602 Dolores
809 2563 883 2624 quo·

166 2664 177 2679 Ι
202 2637 260 2696 que
282 2620 410 2680 dentium
424 2619 503 2680 sedat
521 2620 606 2681 illitus
623 2621 730 2682 succus.
749 2619 787 2683 Et
810 2643 883 2683 con·
977 2661 978 2680 r

200 2712 246 2755 tra
263 2698 435 2780 serpentium
455 2700 526 2759 isius
546 2699 644 2772 valet,
659 2698 710 2761 sed
727 2700 812 2780 hujus
829 2721 882 2765 ta*-

201 2775 260 2839 dici
280 2778 426 2844 dumtaxat
442 2778 594 2863 expressus.
619 2778 682 2865 Ipsa
699 2783 773 2846 vero
791 2783 880 2852 decor
977 2809 978 2844 r
