1967 3600
28 753 30 856 i

221 265 635 348 Hrsr'orcsLibXXl.
703 301 768 374 ¹97

98 394 161 458 laete
181 398 334 479 imposita,
354 396 387 459 &
406 395 584 457 vulneribus.
613 394 724 457 Bibitur
739 402 770 459 in

99 476 262 561 stranguria,
271 481 442 559 reniumque
452 478 559 551 arenis,
571 477 663 537 tribus
673 477 772 538 drach·

100 561 154 619 mis.
172 560 275 621 Altera
286 558 394 619 bibitur
406 560 436 617 in
447 557 549 618 duritia
556 557 727 630 vulvarum,
739 560 774 621 δι

100 639 123 697 in
138 641 308 699 torminibus
318 686 326 709 ,
337 640 370 701 &
380 641 410 697 in
418 638 555 699 comitiali
567 641 691 714 morbo,
704 659 773 699 cum

100 720 176 780 melle
194 721 226 781 &
246 736 350 793 aceto,
370 735 495 801 quatuor
514 719 669 780 ilrachmis.
766 751 769 766 ·

133 798 210 861 CIV.
231 820 284 881 30..
298 798 502 871 Parthenium,
519 799 565 859 alii
583 799 769 874 leucanthes,

100 878 139 938 rlii
159 901 309 940 amnacum
330 896 447 941 vocant.
474 877 574 940 Celsus
593 880 670 961 apud
692 901 769 955 nos,

28 993 29 996 ¹
101 962 267 1040 perdicium,
282 962 316 1022 &
326 960 475 1020 muralem.
492 958 621 1019 Nascitur
632 963 662 1019 in
674 960 771 1022 horto·-

100 1060 154 1101 rum
166 1040 294 1123 sepibus,
306 1040 380 1101 flore
389 1041 472 1112 albo,
486 1040 578 1101 odore
587 1041 655 1100 mali
665 1085 675 1114 ,
684 1040 771 1123 sapo⁴

101 1140 128 1179 re
143 1142 249 1184 amaro.
270 1121 320 1181 Ad
344 1120 547 1192 insidendum,
565 1120 716 1182 decoctum
737 1125 769 1184 in

102 1200 350 1264 duritiivulvarum
358 1250 366 1274 ,
375 1204 408 1265 δι
416 1201 698 1262 inflammationibus.
710 1199 769 1262 Sic·

103 1301 131 1340 ea
146 1304 208 1343 cum
225 1283 330 1352 melle,
344 1283 377 1344 &
400 1299 485 1343 aceto
501 1282 663 1363 (imposita,
679 1282 771 1343 bilem

102 1361 214 1424 detrahit
230 1383 331 1424 atram.
354 1361 405 1423 Ob
417 1363 475 1426 hoc
492 1380 594 1422 contra
609 1363 770 1443 vertigines

102 1444 188 1514 utilis,
199 1446 232 1506 &
249 1443 411 1504 calculosis.
422 1442 547 1503 Illinitur
559 1443 592 1505 ἃ
603 1440 683 1502 sacro
693 1445 701 1501 i
723 1443 769 1503 ni:

102 1522 163 1582 item
171 1523 294 1596 strumis,
312 1507 513 1604 curffaxungii
521 1522 691 1584 inveterati.
703 1462 772 1582 snas

103 1604 232 1691 gicontra
240 1605 376 1665 tertianas
388 1601 498 1664 sinistra
509 1623 595 1663 manu
605 1602 692 1664 evelli
702 1624 769 1664 eam

103 1685 206 1760 jubent,
225 1686 342 1767 dicique
356 1683 439 1764 cujus
455 1683 541 1743 cause
560 1684 701 1758 vellatur,
713 1705 769 1745 nee

104 1762 240 1856 respicere.
261 1764 342 1827 Dein
359 1764 421 1845 ejus
442 1762 547 1826 solium
572 1768 641 1848 aegri
667 1765 770 1848 linguae

105 1842 249 1924 subjicere,
265 1863 298 1908 ut
316 1867 386 1907 mox
399 1849 429 1906 in
446 1847 554 1928 cyatho
572 1867 654 1929 aquae
674 1847 769 1911 devo·

104 1941 178 1988 reiut.
761 1968 763 1975 v

117 2003 479 2147 CV?1.Trychno,quam
486 2009 602 2091 quidam
611 2008 769 2092 strychnon

104 2083 165 2168 scrip
176 2110 242 2165 ere,
257 2092 369 2149 utinam
389 2111 446 2150 nec,
458 2091 602 2151 coronarii
614 2093 642 2149 in
652 2091 769 2174 AEgyp·

104 2181 134 2226 to
150 2186 306 2243 uterentur,
319 2191 393 2251 quos
407 2172 510 2231 invitat
523 2170 618 2231 ederae
631 2168 769 2232 foliorum

105 2247 304 2326 similitudo,in
314 2250 426 2311 duobus
437 2250 500 2331 ejus
510 2250 673 2334 generibus.
684 2250 772 2329 Quo·

104 2346 158 2386 rum
174 2332 312 2404 alterum,
329 2334 375 2390 cui
396 2334 468 2393 acini
487 2334 640 2401 coccinei,
654 2332 769 2412 granosi

104 2407 131 2464 in
144 2406 288 2485 folliculis,
304 2411 500 2474 halicacabum
510 2426 641 2480 vocant,
654 2410 700 2468 alii
712 2407 772 2468 cal·

105 2484 163 2550 lion.
178 2491 276 2553 Nostri
294 2508 391 2552 autern
414 2492 607 2560 uesicariam,
632 2491 771 2570 quoniam

105 2572 195 2631 vesicae
208 2572 371 2634 &calculis
388 2573 495 2653 prosit,
517 2569 626 2630 Frutex
646 2567 690 2628 est
709 2566 772 2628 sur·

105 2650 202 2713 tunsus
212 2655 327 2724 verilis,
342 2653 428 2734 quam
442 2650 532 2712 herba
543 2672 552 2710 t
564 2648 699 2710 folliculis
710 2670 770 2709 rna·
788 2714 791 2719 ,

100 2731 170 2804 gnis,
186 2732 321 2814 latisque,
339 2734 371 2793 δι
390 2732 558 2803 turbinatis,
575 2730 673 2812 grandi
692 2734 768 2792 intus

104 2809 192 2888 acino,
212 2817 263 2897 qui
281 2811 446 2877 maturescit
467 2812 643 2954 N⁰l²¹¹³fil
656 2812 740 2876 mens
757 2855 771 2878 0

615 2915 644 2975 ¹¹1
