1967 3600
248 307 299 382 94
368 280 611 353 esturmi
635 276 815 350 Narve.

260 392 264 399 ’
290 397 383 464 XLV.
402 397 567 482 Apiastrum
579 397 633 479 Hy
652 400 715 458 inus
730 395 853 481 quidem
871 418 954 461 me-

247 481 437 567 lissophyllon
447 479 581 562 appellat.
593 418 652 539 Sed
664 482 694 539 in
708 477 839 540 confessa
851 481 953 540 dam·

249 569 366 627 natione
385 559 425 622 est
446 562 621 623 venenatum
643 556 674 620 in
692 557 831 641 sardinii.
857 556 954 622 Con·

248 641 370 708 texenda
385 645 463 702 enim
481 640 545 702 sunt
565 642 680 714 omnia,
693 661 729 701 ex
744 641 857 702 eodem
883 664 952 703 no·

249 729 360 788 minea
381 722 420 783 ud
442 719 565 783 Graecos
587 722 752 803 pendentia.

291 803 344 865 XL
375 801 398 865 l.
411 800 598 872 Olusatrum,
618 803 699 884 quod
717 800 950 885 hipposelinum

248 893 374 956 uocant,
390 881 554 944 adversatur
572 881 781 964 scorpionibus,
798 881 881 944 Poto
900 881 951 945 se·

249 969 328 1043 mine
358 966 548 1038 torminibus,
567 965 768 1024 &interaneis
787 962 950 1027 medetur.

250 1046 326 1108 Item
347 1066 385 1106 ue
409 1043 622 1106 difficultatibus
647 1043 850 1105 urinaesemen
875 1042 947 1123 ejus

250 1068 404 1188 decodum
423 1147 461 1186 ex
473 1123 573 1184 *mulso
589 1142 703 1206 potum.
718 1125 816 1185 Radix
828 1123 898 1204 ejus
913 1130 946 1185 in

250 1211 323 1271 vino
340 1205 459 1268 decosla
472 1204 597 1266 calculos
617 1206 710 1287 pellit,
722 1207 945 1267 &lumborum

251 1311 285 1349 ac
306 1290 401 1349 lateris
424 1288 553 1347 dolores.
577 1282 666 1346 Canis
697 1286 804 1346 rabiosi
817 1291 947 1348 morsi-

251 1369 306 1430 bus
324 1386 425 1451 potum
438 1369 470 1429 ὃ(
481 1368 587 1427 illitum
597 1367 737 1427 medetur.
748 1366 859 1429 Suecus
876 1368 943 1450 ejus

253 1450 383 1532 algentes
394 1447 522 1508 calefacit
530 1465 627 1530 potus.
639 1446 787 1527 Quartum
797 1467 895 1530 genus
905 1470 944 1510 ex

252 1531 361 1592 eodem
378 1527 485 1589 faciunt
495 1527 582 1610 aliqui
591 1527 793 1602 oreoselinon,
804 1530 942 1610 palmum

252 1611 313 1671 alto
335 1610 438 1670 frutice
456 1630 489 1669 ac
512 1607 590 1670 reslo
611 1607 734 1682 semine,
755 1614 876 1671 cumino
905 1614 943 1670 si·

252 1692 336 1762 nri-li,
354 1693 444 1751 urinae
460 1691 493 1751 ἃ
512 1688 663 1750 menstruis
680 1688 791 1752 efficax.
806 1690 944 1752 Heliose·

254 1771 316 1833 lino
336 1773 383 1832 vis
406 1771 517 1854 privata
538 1789 637 1833 contra
663 1792 793 1833 araneos.
820 1770 884 1833 Sed
909 1774 942 1837 ὃ(

254 1846 419 1914 oreoselino
434 1851 550 1912 feminae
564 1870 721 1935 purgantur
739 1874 757 1914 e
775 1855 859 1914 vino.

295 1930 418 1994 XLVll.
442 1953 487 1993 12.
507 1932 578 1993 Alio
616 1954 703 1995 enere
731 1933 942 2015 petroselinum
982 1979 983 2012 3

254 2013 373 2096 quidam
391 2012 537 2094 appellant
553 2015 584 2073 in
594 1954 672 2074 laxis
699 2033 817 2089 natum,
836 2018 943 2095 praeci·
982 2049 983 2054 κ

255 2115 346 2175 puum
366 2094 402 2154 ad
413 2095 561 2168 vomicas,
581 2094 778 2156 cochlearibus
791 2096 866 2157 binis
877 2097 943 2158 suc·

256 2177 284 2235 ci
301 2174 404 2235 additis
424 2175 454 2234 in
473 2175 612 2257 cyathum
631 2179 768 2238 marrubii
784 2175 876 2250 succi,
897 2193 942 2238 at·
982 2183 983 2188 ’

279 2275 315 2314 ue
336 2257 375 2315 ita
396 2276 480 2336 aquae
502 2256 601 2316 calidae
622 2258 712 2317 tribus
732 2280 747 2317 c
773 2258 856 2319 athis.
873 2258 942 2319 Ad·
982 2263 983 2324 ἶ

255 2277 358 2397 didere
373 2335 492 2418 quidam
509 2334 689 2409 buselinum,
699 2278 942 2401 dilseyrensbrevi·

259 2434 319 2479 tate
343 2416 430 2477 caulis
448 2438 465 2476 a
483 2414 576 2478 sativo
593 2418 745 2480 &radicis
764 2419 865 2481 colore
895 2441 941 2479 ru·

257 2497 310 2575 so,
322 2496 451 2578 ejusdem
462 2495 590 2560 effesiils.
598 2498 757 2563 Praevalere
768 2518 870 2562 contra
882 2499 941 2563 ser·

258 2595 363 2661 pentes
401 2597 452 2641 otu
473 2580 507 2641 dc
520 2580 614 2642 linitu.

155 2679 165 2694 ³
300 2600 600 2720 XLVl11.0cimum
621 2681 738 2743 quoque
754 2658 938 2747 Chrysippus

257 2742 384 2820 graviter
404 2742 564 2822 increpuit,
581 2741 680 2802 inutile
704 2740 872 2818 stomacho,
884 2746 938 2804 uri·

259 2834 327 2894 nae,
345 2820 500 2883 oculorum
522 2821 779 2905 quoqueclaritati.
799 2823 938 2890 Praeterea
