1967 3600
234 280 310 351 400
360 206 835 330 currnrrumn.
900 289 903 294 ·
948 286 953 293 ·

238 377 430 450 Cantabrica,
450 396 504 458 per
516 374 577 438 divi
595 372 717 456 Augusti
747 391 883 459 tempora
894 382 924 438 ‘a‘

239 457 392 522 Cantabris
414 473 536 539 reperta.
556 453 688 515 Nascitur
707 456 820 538 ubique
841 457 925 518 caule

237 536 346 621 junceo
364 538 477 619 pedali,
488 538 520 595 in
539 557 600 616 quo
613 533 676 595 sunt
691 535 806 597 flosculi
822 539 927 599 oblon-

235 621 285 703 gi,
301 618 389 680 veluti
406 616 527 677 calathi:
542 618 572 675 in
590 616 634 675 his
653 614 752 676 sernen
779 638 926 699 perquam

234 701 389 760 minutum.
406 696 470 757 Nec
486 695 555 756 aliis
571 695 691 756 deluere
702 696 852 777 Hispaniae
860 699 929 759 her·

237 779 283 839 bis
299 777 541 859 exquirendis‚ur
549 777 579 833 in
587 777 692 857 quibus
700 778 861 838 etiamnum
868 779 927 840 ho·

231 859 286 919 uie
300 860 330 918 in
348 854 501 918 numeroso
523 856 682 917 &laetiore
699 855 852 932 convicia,
862 880 928 939 po-

141 978 159 985 -
238 940 350 999 tionem
360 955 502 999 ecenturn
513 935 609 996 herbis
622 935 715 996 mulso
726 936 845 1012 additis,
858 958 927 998 cre-

234 1019 339 1084 didere
358 1018 570 1080 saluberrimam
581 1014 925 1098 suavissimamquetnec

232 1098 389 1194 ‚quisquam
400 1119 504 1182 genera
517 1117 613 1157 earum
623 1094 682 1176 jam
693 1099 776 1159 novit
784 1114 836 1157 aut
846 1098 926 1158 nrul·

240 1181 413 1243 trtudinetn:
425 1198 560 1240 numerus
583 1194 682 1239 tamen
697 1175 810 1239 constat
823 1179 854 1238 in
868 1199 925 1249 nu·¹

240 1262 332 1323 mine.
626 1325 628 1329 ,

237 1407 241 1412 ,
283 1337 420 1401 XLVlll.
432 1338 538 1414 Nostra
556 1356 623 1401 aetas
643 1339 776 1400 meminit
802 1338 922 1401 herbam

228 1421 273 1490 'in
290 1419 393 1480 Marsis
413 1439 564 1502 repertam.
588 1417 721 1480 Nascitur
736 1421 766 1478 in
780 1419 923 1502 AEquico·

244 1501 282 1562 lis
304 1502 377 1560 circa
393 1502 491 1561 vicum
504 1499 674 1561 Neruesiae:
692 1516 817 1559 vocatur
827 1501 924 1561 consi·

244 1573 314 1663 ligo.
332 1580 465 1653 Prodest,
484 1598 516 1650 ut
532 1578 793 1641 demonstrabimus
814 1578 865 1641 suo
880 1580 923 1642 lo·

240 1682 298 1732 co,
314 1659 349 1720 de
371 1661 468 1722 locatis
482 1664 512 1720 in
529 1662 644 1744 phthisi.

285 1681 392 1804 xllll.
412 1741 528 1804 Invenit
543 1761 635 1824 nuper
656 1740 689 1803 &
709 1739 848 1803 Servilius
859 1739 921 1802 De·

243 1841 389 1884 mocrates
411 1842 428 1890 e
444 1825 544 1905 primis
563 1823 762 1896 medentium,
773 1843 859 1905 quam
871 1842 922 1905 ap·

239 1901 366 1982 ⁴pellavit
385 1902 512 1974 iberida‚
529 1923 703 1984 quamquam
731 1901 798 1963 fluo
827 1905 922 1964 nomi·

237 2000 301 2051 ure,
316 1982 474 2051 inventioni
483 1981 545 2061 ejus
555 1984 702 2065 adsignaro
711 1986 847 2045 carmine.
858 1980 922 2043 Nu

238 2063 453 2135 citurrnaxime
473 2066 548 2125 circa
566 2080 666 2125 vetera
677 2081 920 2144 monumentapa·

237 2140 591 2224 ,rietinasque,&inculta
600 2146 744 2205 itinerum.
754 2142 922 2206 Florersern·

241 2221 519 2304 ,perfolionastunii
528 2269 541 2297 ,
557 2224 638 2285 caule
660 2225 797 2298 cubitali,
818 2223 922 2284 semine

239 2319 310 2365 ,rant
331 2323 440 2385 parvo,
460 2321 492 2364 ut
510 2307 562 2363 vix
586 2302 673 2386 aspici
698 2307 797 2387 possit.
820 2303 923 2364 Radici

113 2376 119 2388 ’
218 2402 225 2446 r
249 2383 326 2455 odor
342 2383 477 2445 nasturtii.
501 2383 577 2445 Usus
597 2383 693 2446 aellate
715 2384 878 2460 efficacior,
892 2384 925 2447 &
969 2426 970 2433 κ

241 2467 361 2541 ⁴recenti
376 2468 495 2527 tantum.
515 2463 658 2526 Tunditur
679 2465 845 2528 difficulter.
865 2463 925 2526 Cu·
968 2492 969 2501 ¹

249 2545 417 2607 xendicibus
429 2547 594 2608 &articulis
606 2547 742 2608 omnibus
756 2567 824 2607 cunr
842 2566 925 2606 axam·
960 2585 969 2619 ,κ

241 2626 296 2707 gil
306 2627 423 2689 modici
437 2628 599 2699 utilissima,
611 2629 680 2687 viris
691 2627 849 2709 plurimum
861 2645 925 2708 qm·

250 2708 339 2768 ternis
357 2708 452 2779 horis,
468 2706 581 2769 feminis
597 2709 692 2768 minius
713 2708 840 2769 dimidio
855 2706 923 2768 adal·

229 2808 234 2817 ¹
242 2780 335 2867 ligata
343 2830 355 2861 ,
371 2805 404 2849 ut
420 2788 538 2854 deiude·
548 2789 578 2851 in
596 2788 716 2853 balineis
738 2787 924 2865 descendatur,
