1967 3600
11 351 13 378 Ι
135 286 364 357 Htsrott.
383 258 584 358 Linxxu.
636 301 705 388 235

11 395 12 456 i
45 407 99 468 iint
112 405 242 468 dilutum.
257 401 389 466 Andreas
401 401 525 485 spondet
536 448 547 479 ,
557 405 708 487 copiosiirr

43 486 167 583 sumptum
183 506 239 548 nec
262 484 424 545 inflationes
445 482 565 560 facere,
585 488 617 548 &
635 506 710 547 con·

43 566 147 628 coiironi
169 566 327 650 piurimirm
348 564 481 627 conferre
499 564 710 629 senibusme-

42 649 130 709 minis:
149 651 221 709 item
238 647 334 709 hieme
343 691 353 722 ,
362 645 449 728 quim
461 645 575 721 testate,
584 649 705 722 utilius,

42 729 135 799 &tum
154 749 260 810 aquam
277 728 462 789 bibentibus:
482 728 709 811 cavendumque

43 821 73 870 te
92 831 140 892 qua
155 813 233 871 intus
255 812 292 869 sit
312 808 499 869 exulceratio.
522 807 572 869 Ab
591 812 711 893 egritu-

42 889 99 951 dine
110 891 283 952 recreationi
302 886 405 950 efficax
419 890 449 947 in
468 889 547 951 cibo.
572 887 707 974 Tempe·

44 967 102 1031 tire
114 973 193 1032 enim
215 971 334 1041 datum,
354 970 473 1030 cauterii
492 972 557 1031 vim
577 972 709 1032 obtinett

43 1050 145 1113 adsuetis
159 1052 249 1112 etiam
265 1049 379 1126 utilius,
399 1048 485 1132 quim
500 1052 675 1131 expertibus.

74 1131 230 1193 numera
250 1151 286 1191 co
321 1152 425 1204 orum,
442 1130 615 1191 indubitatas
634 1152 710 1191 con·

42 1209 164 1275 sessiones
184 1212 282 1273 habet.
302 1249 305 1253 Α
335 1231 427 1272 enena
455 1211 582 1272 telorum
601 1212 633 1273 &
653 1209 710 1271 ser·

42 1297 154 1374 pentium
172 1293 313 1375 extinguit
332 1309 456 1373 potum:
473 1311 510 1352 ex
524 1290 598 1372 aqui
610 1292 713 1352 vulne·

42 1373 106 1435 tibur
120 1375 165 1434 his
181 1373 389 1434 circumlinitur
407 1395 414 1434 ε
435 1370 620 1453 scorpionum
646 1389 714 1432 tan·

42 1455 92 1515 tim
111 1456 200 1537 plagis
216 1476 254 1516 ex
272 1455 363 1515 oleo:
383 1453 528 1513 ulceribus
552 1453 627 1514 verb
650 1472 711 1514 non

42 1534 280 1597 maturescentibus
292 1556 359 1595 cum
369 1532 459 1593 fotini
469 1531 647 1606 hordeacei,
657 1532 710 1593 vei

44 1612 91 1675 fito
107 1616 191 1678 sicci.
206 1614 396 1677 Carbunculis
412 1635 480 1675 cum
491 1614 570 1686 ruti,
582 1614 632 1674 vel
643 1633 711 1675 cum

43 1697 134 1768 melle,
146 1696 197 1757 vel
212 1716 265 1778 per
281 1694 311 1755 se
320 1693 401 1756 visco
413 1693 597 1776 superliturn‚
607 1711 640 1754 ut
651 1694 712 1755 hae·

43 1794 105 1841 tent:
120 1779 160 1839 sic
179 1779 212 1840 &
232 1775 269 1839 ad
290 1777 367 1838 canis
388 1774 508 1837 morsus.
535 1772 711 1836 Excrescen·

41 1856 105 1919 tibus
122 1860 200 1918 circa
225 1856 345 1930 sedent,
361 1877 429 1917 cum
453 1875 482 1918 te
504 1859 581 1917 mine
608 1854 708 1926 Punici

41 1939 98 1999 mali
115 1960 153 2000 ex
164 1956 257 2000 'aceto
276 1937 436 1999 decoiium.
454 1876 571 2010 Cirris,
584 1940 633 2018 qui
642 1937 708 1999 vui·
809 2008 811 2010 ,

41 2019 511 2102 gononiciniappellantur,nin0
520 2018 709 2079 mixto.·Aiu·
738 2062 740 2065 -

41 2103 125 2180 pecias
139 2103 216 2163 nitro
235 2101 300 2161 anti
325 2098 451 2161 subaiias
467 2100 560 2181 replet
576 2117 645 2158 cum
660 2100 709 2159 vi·

40 2200 89 2255 uo,
104 2184 138 2244 δι
154 2202 244 2242 croco
252 2224 264 2253 ‚
281 2197 329 2241 aut
338 2182 459 2262 pipere,
469 2196 518 2239 aut
536 2181 662 2239 mutium
675 2176 712 2238 fi-

40 2263 151 2333 non&
166 2279 261 2323 aceto.
286 2260 443 2322 Perniones
461 2281 498 2322 ex
515 2262 588 2321 vino
613 2258 715 2328 fovet,

41 2341 68 2402 bt
88 2362 121 2403 ex
141 2342 212 2405 oieo
228 2340 342 2403 coiiunr
360 2343 536 2426 imponitur:
550 2343 593 2400 sic
611 2340 644 2400 δι
660 2339 716 2398 cai·

40 2419 74 2483 ic.
94 2422 194 2486 Clanis
211 2423 320 2505 pedum
337 2418 717 2505 superra'sisptaecipuaeuti·
746 2438 748 2447 ⁴

39 2500 128 2566 litatis.
141 2502 278 2566 Contran
300 2524 348 2565 uas
358 2497 645 2581 malas,pestilentes
655 2513 716 2555 tra·

40 2580 110 2656 iius,
126 2585 178 2646 vel
202 2525 327 2650 dicuin
342 2585 436 2656 tussi,
453 2580 530 2649 uvi,
544 2575 620 2639 feliis
635 2593 718 2637 vete·

39 2662 238 2740 tisuiiusione,
249 2665 346 2747 hydro
368 2666 422 2738 isi,
433 2659 637 2723 raucitatibust
650 2678 720 2718 con-

40 2740 128 2804 festim
142 2749 221 2807 enim
233 2762 335 2830 purgat
345 2687 460 2817 buces,
471 2758 638 2820 vocemque
648 2739 716 2800 red·

41 2820 86 2888 tiit.
104 2824 247 2911 Podagras
261 2828 292 2887 in
305 2824 425 2912 spongia
433 2823 557 2887 dilutum
569 2819 656 2914 posci
669 2821 714 2885 lc·
