1967 3600
235 327 308 402 ²3².
356 304 392 377 C.
413 301 592 375 trinu
612 298 803 407 Narrat.

233 426 301 487 Nec
318 427 421 487 tunicae
437 424 532 485 minor
556 423 652 503 gratiav
662 423 692 482 in
708 423 775 482 cibo
798 418 924 484 infantie·

233 507 335 569 boleti.
361 506 515 584 Rumpitur
542 502 603 562 haec
635 504 730 581 primi)
758 500 916 564 nascente:

234 608 307 649 mox
328 583 521 656 increscente,
542 585 573 642 in
589 583 717 663 pediculi
735 604 842 664 corpus
867 584 924 643 aba

233 666 367 737 sumitur,
380 662 501 745 rardque
521 683 659 744 umquam
673 663 796 744 gemini-s
806 683 846 723 ex
857 683 918 723 uno

233 748 319 830 pede.
350 743 406 808 Ori
425 765 445 805 o
464 746 556 826 prima
575 742 715 823 causaque
736 744 865 817 elimo,
886 745 918 805 δι

232 825 381 888 acescente
399 764 485 884 succo
509 823 649 883 madentis
665 840 768 897 terrae,
778 842 827 885 aut
842 823 919 883 radi·

231 910 272 968 cis
294 905 355 968 fere
377 903 559 987 glandiferae:
576 904 717 985 initioque
732 901 831 983 spuma
842 905 918 964 den-

232 989 307 1060 tior,
324 985 393 1047 dein
412 1003 517 1066 corpus
532 984 709 1045 membranae
718 984 827 1056 simile,
841 1003 916 1056 mox

253 1085 339 1144 artua.
356 1066 400 1128 Ut
416 1066 554 1139 diximus,
565 1063 614 1124 ilia
630 1065 811 1146 pernicialia,
830 1086 918 1145 pror·

230 1089 279 1208 sus
295 1147 494 1228 improbanda.
512 1144 633 1207 sienim
649 1145 781 1225 caiigatis
795 1143 916 1219 clavus,

231 1226 340 1290 ferrive
362 1228 454 1309 aliqua
475 1227 598 1307 rubigo,
616 1242 665 1303 apt
689 1228 776 1306 panni
799 1246 913 1286 marcor

231 1307 324 1370 adfuit
335 1306 478 1380 nascenti,
499 1326 617 1367 omnem
628 1304 705 1367 illico
721 1303 842 1367 succum
851 1307 915 1366 alie·

232 1410 304 1449 num
320 1387 512 1470 saporemque
523 1388 564 1446 >in
580 1406 729 1448 venenum
740 1406 814 1447 conc
858 1387 917 1448 uit:

232 1464 452 1551 deprehendisse
467 1470 538 1549 qui,
558 1468 612 1535 nisi
628 1465 770 1548 agrestes,
785 1408 916 1547 possunt,

232 1567 320 1633 atque
342 1551 391 1630 qui
409 1545 572 1630 colligunt?
591 1543 711 1608 Ducunt
730 1548 785 1627 ipsi
801 1547 919 1621 aliani·⁴

232 1633 291 1690 tia:
306 1629 469 1710 &quidem
488 1629 513 1688 si
532 1626 672 1708 serpentis
690 1647 815 1688 caverna
837 1625 914 1708 juxti

231 1708 338 1781 suerit,
353 1713 377 1770 si
386 1706 591 1790 >patescentem
604 1710 698 1789 primi>
716 1707 917 1783 adhalavetit,

231 1792 330 1874 capaci
346 1787 529 1853 venenorum
544 1791 718 1872 cognatione
728 1789 764 1850 ad
776 1790 855 1851 vitus
866 1811 914 1850 ac·

232 1871 411 1952 cipiendum.
428 1869 528 1951 Itaque
538 1872 636 1932 caveri
655 1872 828 1944 conveniet,
837 1873 917 1952 priias

232 1950 320 2032 quim
345 1948 373 2010 se
394 1950 521 2031 copdant
551 1948 705 2032 serpentes.
726 1949 811 2033 Signa
832 1966 915 2023 erunt

231 2047 277 2092 rot
300 2030 421 2104 herba,
440 2046 488 2091 rot
517 2030 635 2111 arbores
664 2030 855 2114 fruticesque,
877 2031 918 2090 ab

232 2108 345 2173 emersu
367 2131 466 2171 earum
476 2111 513 2171 ad
525 2110 668 2172 latebram
685 2108 773 2194 usque
792 2132 916 2174 vernan-

232 2208 296 2253 tes:
307 2191 401 2252 &vel
416 2188 516 2251 fraxini
532 2195 643 2253 tantiam
659 2190 749 2265 folia,
766 2212 821 2254 nec
835 2189 915 2274 post·

228 2292 268 2333 ,ea
290 2270 446 2344 nascentia,
465 2292 519 2332 nec
538 2273 604 2333 ante
624 2273 796 2333 decidentia.
810 2271 847 2343 Et
863 2273 916 2332 bo-

232 2353 299 2414 letis
313 2353 432 2434 quidem
453 2369 535 2412 ortus
557 2351 729 2434 occasusque
748 2355 845 2417 omnis
870 2354 915 2415 in'·

233 2451 279 2496 tra
297 2432 359 2494 dies
381 2431 497 2515 septem
517 2430 571 2495 est.
871 2502 875 2511 ‚

274 2511 398 2576 XLVII.
411 2535 460 2596 ap.
479 2513 647 2597 Fungorum
667 2513 775 2574 lentior
795 2522 915 2584 natura,

233 2594 267 2658 &
286 2593 439 2656 numerosa
459 2613 584 2676 genera,
601 2593 652 2655 sed
671 2597 763 2677 origo
779 2615 839 2655 non
859 2593 914 2652 nisi

234 2695 271 2735 ex
283 2674 384 2755 pituitd
402 2675 547 2735 arborum.
568 2672 741 2747 Tutissimr,
772 2677 802 2734 ui
811 2673 916 2734 rubent

233 2754 330 2827 callo,
350 2754 444 2817 minias
464 2755 557 2816 diluto
577 2755 702 2829 rubore,
743 2775 813 2815 uam
833 2753 915 2814 bole·

232 2833 264 2892 ti.
282 2832 357 2895 Mox
375 2835 509 2914 candidi,
526 2835 609 2902 velut
627 2776 848 2920 apicedaminis
868 2835 914 2895 in·
