1967 3600
155 358 160 362 .
231 289 277 361 62
329 286 812 362 Chirtilium.

230 426 295 471 tum
312 407 369 483 est,
382 409 406 468 si
423 407 572 467 admotum
599 406 676 486 prius
698 404 786 487 quim
816 407 931 470 entin-¹

271 507 316 564 at,
332 488 482 550 scintillare
504 484 612 546 sursum
623 508 657 546 ac
671 485 805 546 deorsum
815 508 931 572 cogat.

255 571 371 631 cllidum
390 586 423 627 ac
443 565 517 628 laeve
536 565 681 627 herbaceo
690 588 723 627 ac
734 567 837 628 scabro
857 591 930 631 mea

231 651 347 723 lius‚*ac
368 649 470 708 leniter
489 667 626 707 amarum.
652 646 754 708 Putant
785 668 930 732 concep·

231 748 277 794 tus
293 729 445 811 adalligato
469 725 577 788 semine
597 725 743 807 adjuvari,
762 731 787 787 si
802 745 927 790 terram

231 822 293 870 n'on
311 811 445 892 attigerit.
461 807 561 868 Partus
577 810 668 879 vero,
679 811 703 867 si
720 810 751 867 in
766 810 870 870 arietis
882 806 927 870 la·

232 891 270 950 ni
280 889 426 973 alligatum
438 888 581 950 inscientis
596 889 700 948 lumbis
714 887 821 964 suerit‘,
830 893 877 951 ita
890 908 927 950 ut

232 973 362 1052 protinus
399 971 436 1030 ab
463 971 551 1032 enixu
578 971 702 1050 rapiatur
737 987 821 1030 extra
860 971 925 1034 dod

232 1066 324 1113 mum.
645 1067 648 1073 ’
684 1112 686 1115 ,
917 1074 920 1081 ’

234 1152 238 1161 ’
270 1130 368 1214 Ipsum
387 1133 534 1191 cucumim·
592 1131 603 1190 i
625 1129 921 1212 magnificant,nasci

229 1215 408 1295 praecipuum
425 1214 455 1270 in
473 1212 562 1272 Arabi
590 1255 600 1283 ‚
624 1215 744 1272 moxin
765 1212 921 1287 Arcadiflt

230 1290 358 1374 Cyrenis
376 1292 423 1353 alii
437 1293 565 1365 tradunt,
575 1292 699 1352 similem
713 1292 919 1375 heliotropio,

230 1372 313 1450 cujus
332 1375 406 1433 inter
421 1371 501 1433 folin
512 1375 544 1435 &
561 1394 656 1432 ramos
673 1375 832 1453 provenite
854 1395 921 1435 rna*

231 1451 620 1536 gnitudinenucisjuglandis.
632 1452 739 1514 Semen
749 1471 848 1515 autem
856 1453 920 1516 effe

231 1536 268 1595 ad
278 1534 402 1615 speciem
413 1531 597 1614 scorpionum
610 1534 701 1595 caudit
714 1535 851 1617 repleri,
864 1535 920 1596 sed

230 1615 362 1675 candidi.
378 1612 479 1696 Aliqui
496 1616 584 1674 etiam
608 1614 695 1675 abeo
714 1613 917 1696 scorpioniurn

231 1697 376 1755 cucumim
405 1711 532 1770 vocant,
557 1694 786 1757 efficacissimum
806 1714 917 1758 contra

230 1774 413 1858 scorpionum
430 1774 500 1837 icius
529 1778 562 1839 &
585 1774 691 1837 semine
714 1777 748 1839 &
771 1775 916 1850 elateri03

230 1858 264 1918 &
283 1858 326 1918 ‘ad
349 1858 528 1939 purgandum
549 1874 661 1919 utemm
681 1855 829 1939 alvosque.
843 1860 917 1921 Mo·

229 1936 284 1996 dus
312 1939 448 2018 portione
483 1939 589 1999 virium
613 1938 650 1997 ab
682 1926 801 1999 dimidio
836 1941 917 2002 oboa

231 2016 262 2077 lo
275 2017 312 2077 ad
325 2016 456 2078 solidum.
467 2017 624 2098 Copiosius
638 2035 729 2079 necat.
738 2017 784 2079 Sic
798 2019 830 2080 &
842 2042 917 2082 con·

229 2112 275 2157 tra
295 2098 460 2178 phthiriasin
476 2098 601 2160 bibitur:
619 2100 652 2161 &
670 2098 855 2182 hydropises.
875 2101 916 2161 ll·

230 2178 313 2238 litum
336 2182 451 2261 anginis
472 2182 506 2260 δ(
528 2181 730 2241 arterias'cum
756 2181 846 2242 melle
880 2182 915 2244 &

231 2258 300 2319 oleo
323 2268 422 2321 v'eter'e
442 2259 529 2323 sanat.

235 2343 238 2354 ’
270 2338 322 2400 IV.
351 2363 379 2401 2.
407 2340 495 2401 Multi
518 2344 594 2403 hunc
614 2341 669 2404 esse
687 2341 764 2424 apud
786 2361 841 2403 nos
862 2343 913 2484 {ui

133 2425 135 2430 '
230 2423 368 2504 anguinus
382 2438 519 2495 vocetur,
530 2424 569 2483 ab
586 2424 647 2483 aliis
666 2425 818 2496 erraticus,
834 2444 867 2483 ar
889 2426 914 2483 i·

135 2558 137 2563 .
228 2517 348 2564 trantur.
377 2501 450 2644 (pun
473 2500 594 2565 decoiio
617 2503 708 2586 sparsa
720 2521 824 2564 mures
850 2519 912 2565 non

164 2603 166 2606 ·
229 2584 300 2642 attin
340 2600 379 2644 nt.
405 2584 481 2646 idem
491 2585 625 2668 podagris
635 2606 701 2646 cum
715 2583 825 2645 articuli
835 2604 913 2646 mor·

229 2660 275 2734 bis
296 2603 446 2723 sgcouum
458 2669 495 2726 'in
514 2684 598 2727 aceto
624 2667 765 2737 illiniunt,
780 2665 910 2748 ¹prensen-

229 2755 325 2816 taneo
342 2745 483 2826 remeclio.¹
507 2744 688 2805 Lumbo'rum
711 2745 785 2806 veto
814 2745 910 2806 dolori

229 2815 909 2909 seninesolesiccato,deinuito,xx.x.pou·
