1967 3600
244 239 313 348 1⁶92
365 249 401 321 C.
426 236 605 319 Prrurr
633 250 823 321 Neron.
912 329 917 336 ,

235 374 332 432 troicis
350 370 432 429 t'adix
447 366 509 447 ejus
526 370 554 427 in
574 368 647 449 aqui
665 365 768 448 jejunis
780 364 929 449 pota.Est
976 429 980 440 ‚

237 470 337 513 eutem
352 450 471 511 candida
486 452 561 507 intus
580 451 611 507 ὃ(
634 449 733 509 dulcis.
752 449 872 509 Bibitur
889 453 928 511 ,δι
977 445 979 516 ἶ

237 550 342 593 eontra
365 531 537 611 serpentium
564 527 634 588 isius
657 550 694 589 ex
711 531 794 592 vino.
818 530 928 592 Mures
977 538 980 597 J

239 632 299 695 quo
322 630 357 670 ue
375 612 497 670 contrita
520 609 625 668 dicitur
640 630 753 671 necare.
831 655 833 658 -
977 618 980 679 f

259 691 309 772 ,X
338 688 374 752 ll.
395 688 582 750 Abrotonum
599 690 723 750 duorum
741 688 868 751 traditur
878 707 929 773 ge·'
978 701 979 704 ’

239 787 356 846 nerum,
375 769 535 851 campestre
551 791 585 829 ac
605 786 792 831 montanum:
811 771 929 832 hocfe-

239 854 368 924 minam,
393 850 465 910 illud
492 869 602 910 marem
627 850 746 933 intelligi
770 852 925 914 volumus.

239 927 414 993 Amaritudo
432 931 565 991 absinthii
586 933 615 989 in
636 948 768 1013 utroque.
787 929 925 992 Siculum
978 996 979 1006 ,

238 1012 485 1083 laudatissimum,
511 1012 578 1071 dein
603 1008 775 1072 Galaticum.
792 1011 922 1076 Usus&
978 1016 980 1030 ¹

237 1092 339 1167 soliis,
358 1090 409 1153 sed
436 1089 528 1171 major
555 1089 654 1151 semini
673 1092 712 1152 atl
730 1092 923 1155 excalfacien·
978 1101 979 1108 ’

239 1170 312 1234 d'um
321 1195 328 1233 ε
338 1173 408 1233 ideo
418 1175 516 1233 nervis
529 1173 617 1243 utile,
627 1175 714 1247 tussi,
726 1171 920 1253 orthopnoeae,

239 1255 405 1326 convulsis,
417 1255 519 1334 ruptis,
535 1249 654 1327 lumbis,
670 1257 760 1314 urinae
773 1253 920 1335 angustiis.

239 1332 336 1397 Datur
349 1335 507 1395 bibendum
522 1335 700 1393 manualibus
719 1332 861 1395 fasciculis
874 1335 921 1394 de·

242 1413 329 1476 cbslis
343 1415 378 1475 ad
403 1417 501 1474 tertias
543 1431 626 1474 artes.
651 1413 695 1474 Ex
713 1414 758 1474 his
774 1417 919 1496 quaternis

241 1496 353 1577 cyathis
374 1494 489 1555 bibitur.
509 1435 605 1554 [latur
622 1496 655 1556 ht
674 1494 771 1555 semen
787 1494 919 1557 tusumin

240 1577 314 1657 aqui
329 1575 469 1636 drachmae
483 1576 623 1657 pondere.
638 1573 800 1637 Prodest&
810 1576 917 1637 vulvae.

240 1655 326 1717 Conc
369 1659 410 1717 uit
426 1677 517 1738 panos
538 1677 604 1716 cum
623 1653 713 1716 farina
735 1655 917 1732 hordeacei,

240 1737 275 1799 &
298 1758 353 1798 ocu
366 1758 449 1797 orum
479 1736 749 1797 inflammationibus
780 1736 916 1810 illinitur,

239 1840 309 1880 cum
331 1835 459 1879 cotoneo
479 1819 558 1877 malo
577 1817 671 1879 coslo.
696 1815 854 1899 Serpentes
874 1816 913 1878 stt·

239 1917 300 1981 gat.
319 1897 429 1960 Contra
446 1897 518 1958 isles
533 1919 630 1958 earum
650 1898 757 1958 bibitur
779 1920 849 1960 cum
871 1900 916 1961 ri·

239 1999 280 2038 no
290 2024 300 2054 ,
312 1979 497 2060 illiniturque.
511 1976 743 2039 Efficacissintum
753 1982 858 2041 contra
868 2000 915 2053 ea,

229 2099 234 2110 ,
263 2079 366 2119 uotum
386 2079 503 2128 veneno
521 2076 661 2120 tremores
680 2059 713 2120 bt
734 2058 826 2143 srigus
845 2063 915 2123 acci·

239 2081 333 2214 sunt,
345 2157 377 2201 ut
386 2139 569 2222 scorpionum
586 2142 618 2202 &
638 2140 872 2223 phalangiorum:
883 2143 914 2202 &

241 2220 343 2282 contra
368 2241 481 2282 venena
498 2221 552 2280 alia
568 2237 636 2302 pota
652 2220 787 2303 prodest,
801 2224 835 2283 &
850 2243 915 2304 quo·

241 2309 303 2384 quo
324 2301 416 2362 modo
444 2301 622 2381 algentibus,
637 2304 669 2363 δι
688 2302 727 2362 ad
743 2303 915 2363 extrahenda

241 2404 293 2454 ea,
312 2402 376 2462 quae
396 2381 534 2442 inhaerent
549 2381 729 2462 corporibus.
744 2381 914 2446 Pellit&in·

242 2482 426 2537 teraneorum
442 2462 524 2523 mala.
542 2461 636 2524 Ramo
654 2461 735 2542 ejus,
748 2465 771 2522 si
791 2462 914 2543 subjicit·

242 2561 289 2605 tur
311 2544 452 2626 pulvino,
470 2543 617 2604 Venerem
651 2541 787 2604 stimulari
815 2547 913 2605 aiunt:

239 2622 527 2706 efficacissimamque
541 2623 596 2686 elle
615 2624 732 2685 herbam
742 2643 913 2685 contraout·

242 2705 292 2762 uiri
309 2703 465 2778 veneficia,
498 2704 580 2764 uibus
599 2709 691 2766 coitus
706 2705 878 2781 inhibeatur.

241 2816 245 2823 ·
279 2780 393 2849 XClll.
417 2806 465 2850 η.
477 2727 733 2849 leucanthemum
760 2784 912 2867 suspiriosis

782 2867 911 2930 medetur
