1967 3600
251 326 321 402 282
371 280 854 398 Chamimaum

249 464 360 509 natura.
377 443 397 505 S
419 445 546 505 odiume
564 441 710 503 cauliculis
727 443 919 503 vehementiiu

249 528 362 589 inhibet
382 465 605 584 iseumatismos.
623 519 709 582 Sedat
720 524 754 585 δι
766 523 921 584 inflamma·

251 610 348 669 tiones
362 604 529 677 oculorum,
548 617 651 684 purgat
672 602 785 676 ulcera,
808 604 922 663 alienata

252 687 365 768 explet,
381 681 574 745 excrescentia
585 682 689 742 leniter
706 682 818 757 erodit,
830 685 922 745 siccat·

233 792 235 797 ·
251 787 327 849 que,
345 764 432 826 &ad
449 764 623 824 cicatricem
640 762 775 844 perducit
791 784 799 823 ι
815 780 921 837 cetera,

252 847 326 907 utin
345 845 430 905 oleis.
459 842 606 904 Peculiare
627 858 745 917 autem,
764 843 841 924 quiid
859 842 922 903 solia

250 926 452 1006 decoquuntur
470 942 508 983 ex
526 923 630 996 melle,
642 924 675 984 δι
686 923 790 983 dantur
800 923 922 984 cochlea·

250 1003 329 1065 ribus
338 1021 438 1064 contra
446 1001 586 1085 sanguinis
594 1001 811 1063 exscreationes.
819 999 919 1063 Oleum

250 1086 362 1146 tantum
376 1085 485 1156 acrius,
496 1080 713 1163 efficaciusque:
735 1085 769 1144 δι
785 1083 821 1143 de
839 1103 874 1143 eo
890 1103 920 1143 os

293 1183 371 1247 oque
397 1162 532 1224 colluitur
550 1162 735 1223 addentium
755 1160 920 1223 firmitatem.

251 1186 445 1327 smponuntur
465 1242 535 1304 solia
547 1244 582 1305 ’δι
596 1242 803 1325 paronychiis,
819 1245 851 1304 δι
867 1263 921 1302 car·

253 1324 405 1399 humulis,
420 1325 452 1387 &
470 1340 569 1387 contra
585 1344 706 1384 omnem
731 1322 920 1384 collefflonem

257 1426 326 1467 cum
341 1407 430 1467 vino:
447 1405 483 1465 iis
506 1405 580 1467 vero
597 1424 663 1486 quar
683 1404 830 1486 purganda
849 1402 919 1473 sunt,

254 1505 323 1547 eum
339 1485 434 1546 melle.
460 1483 619 1545 Miscentur
634 1484 785 1545 oculorum
805 1483 921 1544 menica·

257 1568 382 1637 attentis,¹
397 1566 430 1641 ὃς
446 1563 599 1625 decollant
620 1561 776 1635 soliorum,
794 1563 920 1626 &succus

256 1643 379 1707 oleallri.
401 1643 522 1705 Utiliter
538 1647 625 1705 etiarn
651 1646 765 1704 auribus
790 1643 922 1705 instillatur

257 1746 326 1787 cum
342 1725 449 1799 melle,
470 1725 520 1787 vel
538 1727 562 1784 si
583 1745 637 1806 pur
649 1723 757 1786 effluat.
767 1723 850 1786 Flore
858 1723 923 1785 olea·

257 1805 309 1867 stri
330 1807 538 1886 condylomata
556 1807 722 1880 illinuntur,
743 1807 779 1868 δι
797 1803 921 1889 epinylii·

259 1887 323 1947 des.
343 1885 419 1946 Item
438 1905 506 1947 cum
525 1884 617 1947 larini
632 1887 797 1948 hordeacei
811 1904 901 1948 venter
911 1926 921 1956 ‚

255 1966 287 2026 in
308 1965 530 2027 rheumatismo:
548 1987 615 2028 curn
635 1965 723 2043 oleo,
741 1970 839 2050 capitis
854 1965 922 2027 tiolo·

255 2064 313 2107 res.
334 2043 443 2107 Cutem
458 2048 489 2107 in
510 2049 604 2128 capite
618 2047 656 2108 ab
673 2048 786 2110 ossibus
802 2047 922 2109 receden-

256 2141 318 2187 tem
333 2126 464 2188 cauliculi
490 2127 623 2201 decoffi,
644 2128 677 2189 &
695 2150 763 2190 cum
780 2128 863 2190 melle
878 2128 922 2196 ime

257 2207 349 2289 positi*
364 2208 570 2288 comprimunt.
591 2208 635 2268 Ex
652 2208 782 2284 oleastro
794 2207 919 2270 maturiin

259 2286 327 2347 cibo
343 2284 403 2348 fiunt
426 2290 447 2347 ti
461 2286 560 2349 siliunt
574 2288 681 2349 alvum.
697 2287 783 2351 Tosti
800 2285 921 2351 autem&

259 2387 328 2429 cum
347 2310 434 2429 melia
454 2370 538 2440 triti,
559 2389 663 2431 nomas
685 2386 856 2455 repurgam‚
870 2385 922 2430 cat·

261 2448 401 2510 bunculos
424 2465 569 2529 rumpunt.

301 2528 444 2592 XXXIX.
463 2530 535 2592 Olei
549 2545 679 2592 naturam
688 2529 839 2615 causasque
851 2530 922 2590 abun·

260 2611 299 2670 dc
313 2610 448 2672 diximus.
470 2610 521 2672 Ad
539 2613 718 2673 ‘medicinam
728 2633 766 2673 ex
776 2613 835 2673 olei
867 2625 921 2670 ene·

259 2689 337 2749 ribus
354 2690 415 2752 hac
435 2693 588 2773 pertinent.
608 2692 827 2755 Utilissimume
850 2706 922 2751 eom·

260 2769 421 2848 phaciumf
430 2773 564 2854 proximi
576 2774 681 2835 viride.
694 2773 835 2834 Praeterea
849 2767 922 2852 quim

259 2850 384 2912 maxime
405 2869 526 2931 recens,
539 2852 612 2937 (nisi
627 2856 695 2916 clun
710 2851 920 2919 vetustissimum
963 2857 964 2862 ’
