1967 3600
181 282 402 351 H1sron.
427 276 601 351 Lib.XX.
672 300 737 376 ¹15

74 423 123 463 tem
136 399 253 541 praestat
274 400 308 458 in
328 397 531 459 condimentis.
548 395 677 458 Dolores
695 418 746 457 ca·

73 499 213 623 ffimevat
224 477 356 541 suffitum
370 479 494 539 naribus.
504 476 661 558 Epiphoris
671 497 741 538 ocu·

165 561 293 624 Eveuot
308 558 435 622 redicem
454 555 517 639 ejus
534 557 625 619 mam
639 559 744 638 impe·

25 682 27 689 ‹
71 644 117 704 nit:
133 643 217 704 lellus
242 639 344 724 ipsum
367 661 434 703 cum
456 658 544 707 croco
564 640 626 719 pari
648 637 743 699 modo

73 725 97 784 δι
110 726 191 797 visne,
203 723 238 783 δι
251 741 312 802 pet
325 718 355 781 se
372 725 470 783 tritum
485 740 553 780 cum
566 718 688 802 pelenti
702 717 742 779 ad

72 823 170 885 magnes
185 804 355 872 fluxiones,
372 797 625 882 extrahendisque,
646 801 670 860 si
683 818 742 881 qua

72 884 195 945 hundos
207 882 379 944 inciderint.
398 882 520 943 Narium
537 900 655 963 queque
672 900 739 939 cac·

25 1000 26 1003 =
70 965 170 1024 cieodes
186 962 336 1025 consumit
355 964 459 1025 illitum
479 982 516 1022 ex
534 961 618 1042 aqui.
648 957 739 1021 Sedit

70 1046 167 1125 anginas
187 1065 258 1105 cum
278 1041 369 1105 melle
389 1044 423 1105 δι
443 1040 528 1122 hylle
549 1062 569 1101 o
594 1059 631 1101 ex
651 1057 740 1100 aceto

72 1126 270 1261 paganitatem.
293 1122 424 1220 {euripus
441 1063 597 1182 infuntfitnt
610 1141 677 1181 cum
687 1140 738 1181 ro·

74 1200 738 1364 &mihimilliniffhlih

74 1362 130 1425 belo
145 1368 220 1427 anesi
241 1385 337 1428 nuces
354 1385 463 1428 amatas
481 1382 511 1423 1..
527 1375 662 1442 purgatas
676 1377 739 1421 tere

74 1443 189 1507 inmelle
206 1447 245 1507 ad
262 1450 378 1507 tussim.
397 1444 548 1507 Facillime
569 1442 643 1502 verb
661 1440 740 1501 anesi

75 1523 198 1588 drachma
219 1544 282 1588 tres
299 1572 311 1599 ,
328 1528 480 1609 papaveris
504 1524 569 1583 duae
588 1519 744 1582 miscentur

75 1606 146 1666 melle
156 1608 191 1667 ad
200 1606 277 1669 sabee
288 1604 673 1690 magnitudinem,&tetnis
681 1602 741 1663 die·

76 1683 119 1744 bus
134 1685 286 1749 sumuntur.
316 1688 497 1767 Praecipuum
521 1700 618 1744 autem
638 1679 679 1744 est
700 1681 739 1742 ad

77 1764 169 1830 ruilus:
182 1769 251 1830 ideo
271 1767 465 1830 inflationibus
484 1763 639 1837 stomachi,
653 1764 686 1826 du
698 1763 741 1823 in·

76 1844 221 1910 tellinorum
242 1849 438 1919 torminibus,
453 1848 486 1908 &
504 1845 627 1907 coeliacis
638 1843 738 1905 mede·

78 1940 122 1988 tur.
140 1926 283 2012 Singultus
301 1932 335 1992 ὃ(
356 1927 490 1992 olfauum
529 1944 668 2006 otumque
686 1923 738 1985 de·

77 2005 171 2069 tellum
180 2011 304 2072 inhibet.
315 2009 404 2072 Foliis
418 2008 492 2069 deco
522 2010 545 2066 's
557 2007 660 2087 digerit
671 2026 737 2065 ctu·

79 2085 172 2149 clintes.
189 2088 300 2152 Succus
321 2089 435 2151 deceili
454 2109 522 2148 cum
533 2089 600 2168 apio
619 2083 739 2148 elutius
811 2149 815 2154 ,

78 2162 282 2232 sternutamenta
291 2170 411 2231 inhibet.
418 2169 524 2230 Potum
532 2165 738 2227 somnumcon·

79 2246 147 2309 tint:
157 2250 282 2311 calculos
294 2252 396 2333 pellit:
408 2250 586 2310 vomitiones
600 2246 742 2315 cohibet,

81 2324 331 2408 &precordiorum
340 2347 479 2394 tumores.
491 2328 527 2389 Et
536 2325 683 2409 pedorum
694 2324 739 2382 vi·

79 2406 129 2478 tiis,
142 2412 233 2471 nervis
247 2431 383 2494 quoque,
412 2410 496 2470 uibus
513 2406 685 2467 succiniium
695 2397 738 2460 est

80 2432 740 2632 fultllntuulutlmuuu

81 2641 117 2703 lh·
135 2646 200 2711 Non
221 2593 410 2713 aliudnutilius
427 2648 523 2708 ventri
546 2646 580 2706 &
599 2638 741 2702 intestinis

82 2741 176 2803 putant:
184 2731 253 2793 ideo
265 2730 452 2812 dysentericis
464 2730 497 2791 δι
506 2729 537 2787 in
545 2720 677 2786 tenesmo
688 2719 737 2781 da·

79 2808 243 2877 lut-tostum.
260 2811 364 2897 Aliqui
381 2810 489 2875 addunt
509 2807 542 2874 δι
556 2806 674 2891 opium,
685 2822 739 2893 pb
