1967 3600
272 312 348 385 ,144
397 288 868 364 C.PnrnrtNAtvrt.

273 416 333 476 sius
343 415 448 496 regina
456 410 588 473 Antonio
597 411 734 483 timente,
746 429 798 469 nec
809 410 866 470 nisi
876 426 945 491 prte-

297 492 402 555 ustatos
418 491 500 552 cibos
511 490 656 560 sumente,
671 489 759 551 fertur
767 510 879 571 pavore
891 488 950 570 ejus

274 514 388 648 sosisse,
403 574 539 632 extremis
561 591 677 633 coronae
696 571 816 631 floribus
834 590 946 632 veneno

274 652 371 724 illitis,
385 652 505 734 ipsique
525 653 610 735 capiti
624 651 779 732 impositi,
792 669 865 710 tnox
881 671 946 732 pro·

261 730 395 799 ¹cedente
415 732 558 794 hilaritate
577 733 711 793 invitavit
732 734 902 804 Antonium,
916 747 945 797 ttt

260 833 396 874 toronos
416 812 559 873 biberent.
588 811 667 892 Quis
689 814 729 872 ita
750 812 867 872 timeret
883 812 944 871 insi·

273 892 357 954 dias?
368 891 445 976 Ergo
457 913 550 954 conce
585 893 614 952 ti
624 893 653 951 in
662 889 805 972 scyphum
814 893 943 972 incipien-

271 977 294 1035 ti
312 974 423 1033 haurire
443 974 563 1056 opposit
599 990 699 1032 manu:
715 970 786 1031 «En
804 992 861 1054 ego
870 971 940 1046 sum,

270 1078 292 1114 >r
303 1055 413 1136 inquit,
422 1052 491 1127 illa,
504 1053 604 1114 Marce
614 1051 744 1126 Antoni,
754 1072 842 1134 quarn
855 1071 884 1112 tu
894 1073 940 1111 no-

270 1159 291 1194 n
301 1133 341 1195 vi
358 1132 589 1229 praegustantium
605 1131 753 1215 diligentia
763 1153 865 1195 caves:
876 1132 940 1193 adeo

270 1239 289 1274 n
303 1215 393 1288 mihi,
409 1235 434 1274 st
451 1216 562 1297 possim
578 1214 639 1274 sine
656 1230 687 1274 te
705 1214 937 1285 vivete,occasio

272 1319 292 1355 n
305 1311 353 1356 ant
364 1296 437 1355 ratio
447 1293 534 1359 ‘deest
548 1320 576 1356 n.
590 1290 663 1354 Inde
676 1291 811 1354 eduehrm
823 1292 939 1355 custodis

270 1374 371 1437 bibere
386 1373 571 1455 jussit,illico
593 1373 645 1435 exs
660 1376 792 1436 irantetn.
814 1373 862 1436 De
872 1374 938 1441 floti-

270 1456 325 1516 bus
333 1455 414 1536 supra
424 1454 515 1515 diesos
525 1454 636 1535 scripsit
694 1454 862 1535 eophrasius
870 1452 936 1535 apud

270 1533 462 1597 Graecos.'Ex
480 1533 584 1595 nostris
602 1551 696 1594 autern
716 1533 878 1618 inscripsere
895 1532 937 1593 ali·

291 1619 319 1675 ui
332 1615 421 1677 libros
442 1613 680 1698 Anthologicon:
696 1615 784 1675 flores
796 1619 868 1677 veto
879 1634 936 1696 pet·

268 1636 380 1756 acutus
398 1693 441 1756 est
462 1716 568 1772 netno,
591 1695 671 1778 quod
701 1697 839 1778 equidem
863 1699 936 1755 inve·

268 1779 353 1837 niam.
373 1775 438 1837 Nee
456 1797 512 1837 nos
532 1797 607 1837 nunc
627 1773 734 1838 scilicet
750 1797 871 1839 corones
888 1793 934 1836 ne-

267 1856 376 1917 &emus
388 1879 395 1918 :
409 1856 440 1917 id
456 1860 533 1917 enim
549 1854 687 1918 frivolum
703 1855 761 1919 est:
779 1856 839 1920 sed,
847 1859 880 1918 de
888 1857 935 1916 flo-

266 1935 362 2009 ribus,
382 1957 447 2019 quae
468 1935 643 1999 videbuntur
667 1938 776 2020 digna,
797 1957 933 2001 memora·

265 2016 372 2078 bimus.

305 2094 345 2157 X.
358 2116 387 2173 4.
404 2095 576 2161 Paucissinta
591 2097 680 2161 nostri
696 2118 804 2183 genera
821 2120 931 2164 corona·

265 2195 431 2237 mentorum
453 2181 526 2240 inter
546 2182 692 2242 hortensia
699 2202 870 2258 novere‚ac
881 2201 931 2262 pae·

265 2277 304 2317 ne
323 2257 416 2318 violas
435 2258 568 2342 rosasque
586 2264 704 2323 tantem.
723 2261 801 2324 Rosa
822 2260 930 2322 nascitur

264 2334 344 2419 spitii
360 2340 476 2413 veriirs,
491 2339 580 2422 quern
596 2339 716 2413 frutice,
731 2345 761 2402 in
779 2346 854 2404 rubo
866 2360 931 2423 quo·

265 2438 323 2514 que
340 2420 532 2499 proveniens,
548 2422 608 2482 illic
627 2424 713 2483 etiarn
732 2421 851 2504 jucundi
867 2420 929 2482 odo·

264 2520 320 2573 τις,
329 2502 462 2581 quntnvis
478 2500 596 2584 angusti.
611 2499 765 2564 Germinat
775 2507 869 2565 omnis
877 2500 929 2583 pri·

263 2582 315 2641 mo
333 2580 439 2642 inclusa
458 2580 578 2663 granoso
598 2586 715 2643 cortice.
730 2581 804 2663 Quo
817 2603 883 2645 tnox
891 2583 928 2640 in·

263 2658 457 2734 tumescente,
471 2664 505 2723 &
523 2666 553 2721 in
573 2662 681 2724 virides
698 2662 854 2725 alabastros
864 2657 927 2722 sasi-

283 2754 350 2812 ato,
392 2740 507 2806 aulatitn
527 2740 679 2803 rubescens
696 2743 835 2819 dehiscit,
851 2738 926 2804 acse-

301 2837 358 2896 ptn
380 2822 416 2893 't,
427 2822 457 2882 in
467 2822 577 2903 calycie
590 2822 690 2885 rnedio
700 2821 741 2885 sui
751 2823 847 2887 stantis
856 2838 926 2960 cinn-

561 2915 562 2918 ’
852 2916 926 2986 pffl
964 2959 965 2964 ,
