1967 3600
125 1669 129 1674 ’
217 1650 266 1709 'cie
284 1644 353 1706 illird
374 1644 557 1724 compertum
581 1638 632 1701 est.
653 1638 694 1700 Ea

220 344 287 396 102
341 316 831 391 arri-nnuma.

115 502 117 506 Α
215 434 568 503 neanthoccibomecari
579 435 654 494 eninr
681 432 908 495 artusinvenioi

215 522 327 585 Eadem
335 540 371 581 ex
381 517 515 580 omnibns
523 456 810 654 satisquadropedum
820 535 907 596 quo-

258 624 275 665 e
297 600 405 664 morbis
416 600 445 658 in
462 598 591 656 maximo
608 593 659 655 usn
678 598 695 654 'e
729 596 819 666 ,sive
841 593 907 654 dis·

215 625 293 747 dhre
311 677 478 761 spirantibus
489 721 500 750 ,
510 678 573 737 sive
584 692 684 736 contra
696 673 909 739 maleficorum

217 761 381 824 animalium
399 757 491 832 idus,
509 753 600 817 infusa
618 775 671 840 per
694 774 776 815 nares
794 774 833 814 ex
855 756 907 815 vi·

216 865 278 921 no:
297 858 345 902 aur
368 840 392 900 si
410 834 605 922 sanguisugam
631 833 834 908 exhauserim,
864 854 907 894 ex

215 928 325 985 aeeto‘:
346 920 577 1003 &quocumque
604 918 635 976 in
662 916 747 976 simili
772 915 908 977 morbo-

215 1024 282 1067 rum
321 1022 426 1074 encre,
444 1018 478 1060 nt
493 1001 524 1058 in
540 999 675 1067 homine,
687 1012 862 1075 temperata.

258 1083 283 1144 L
313 1125 322 1143 .
347 1102 398 1157 14.
413 1078 604 1140 Menrasirum
631 1075 768 1138 silvestris
797 1092 907 1137 menta

216 1162 278 1237 est,
293 1159 429 1224 differens
454 1159 549 1241 specie
571 1156 728 1231 soliomm,
746 1176 811 1238 qnae
838 1156 907 1218 sunt

217 1244 312 1327 figuti
323 1244 426 1315 ocimi,
442 1240 551 1323 pulegii
561 1238 670 1299 colore.
685 1237 806 1320 Propter
817 1237 906 1320 qnod

217 1326 336 1409 quidam
349 1322 478 1385 silvestre
490 1321 635 1404 pulegium
643 1334 760 1380 vocant.
772 1315 810 1378 Iis
818 1338 907 1378 com·

218 1406 398 1467 manducatis
417 1403 610 1482 &impositis
640 1398 728 1459 sanari
762 1399 911 1480 elephans

217 1488 323 1559 tiasin,
337 1483 438 1565 Magni
453 1481 585 1561 Pompeii
602 1495 685 1540 aetate
695 1521 704 1553 ,
716 1476 839 1540 fortuito
853 1501 905 1539 cu·

217 1565 328 1649 jusdam
348 1564 547 1648 experimento
566 1577 686 1642 propter
695 1558 850 1700 pudorlplm
862 1558 905 1620 fa·

716 1659 792 1700 etnt
825 1662 904 1701 nun·

219 1743 266 1788 rur
286 1726 480 1809 bibunturque
508 1722 646 1783 adrersbs
673 1718 904 1805 scolopendras,

219 1807 255 1870 &
271 1806 446 1890 serpentium
462 1802 549 1875 isius,
566 1800 708 1863 drachmis
738 1802 853 1864 duabus
872 1805 903 1862 in

219 1889 282 1949 vini
303 1887 416 1968 cyathis
446 1884 571 1945 duobus.
593 1882 744 1946 Adversbs
770 1881 834 1945 scor
858 1885 903 1943 io·

218 1987 292 2030 num
307 1966 378 2026 inus
393 1984 460 2026 cnm
474 1963 553 2036 sale,
572 1962 661 2039 oleo,
676 1964 709 2024 dr
720 1981 813 2026 aceto.
824 1903 904 2025 siem

219 2047 361 2111 adversirs
379 2043 582 2126 scolopendras
592 2042 636 2124 jus
647 2043 778 2106 decedi:
794 2045 904 2106 adver·

207 2129 270 2206 ¹sirs
290 2127 390 2187 omnia
406 2146 520 2190 nenena
545 2123 690 2186 servantur
712 2122 783 2186 solia
803 2125 903 2195 arida,

220 2208 260 2269 ad
279 2203 375 2268 sarinae
390 2207 524 2267 modum.
541 2202 717 2266 substratum
734 2206 784 2266 vel
796 2226 904 2272 accen,-

221 2286 284 2351 sum
304 2285 384 2369 sugat
404 2288 493 2358 etiam
510 2285 687 2364 scorpiones.
696 2284 802 2346 Potum
813 2285 905 2347 femi·

222 2390 273 2432 nas
293 2385 396 2451 purgat
408 2389 425 2427 a
432 2383 515 2449 parm
526 2390 534 2427 ε
547 2364 597 2427 sed
606 2383 703 2447 partus
714 2383 806 2429 necat.
818 2366 904 2449 Rup-

162 2527 169 2532 “
223 2453 279 2523 tis,
303 2448 469 2524 convulsis,
493 2446 544 2507 sed
569 2449 681 2529 parcibs
700 2467 707 2506 :
729 2447 905 2528 orthopnoi-

222 2534 284 2603 cis,
303 2531 494 2605 torminibus,
507 2527 644 2603 choleris,
657 2523 903 2591 efficacissimum:

222 2612 292 2674 item
318 2609 439 2684 lumbis,
458 2608 593 2696 podagris
603 2609 781 2689 impositum.
794 2606 904 2669 Succus

222 2691 337 2752 nuribus
368 2692 541 2753 verminosis
571 2688 729 2750 instillatur.
755 2686 789 2750 ln
818 2690 907 2770 tegio

223 2768 330 2831 morbo
349 2772 463 2834 bibimr.
487 2767 607 2836 Srrnmis
628 2768 752 2830 illinimr.
784 2766 905 2829 Somnia

222 2846 348 2916 Veneris
357 2852 477 2926 irthibet.
493 2848 602 2915 Tineas
613 2848 695 2934 pellit
704 2867 740 2912 ex
749 2864 833 2914 aceto
846 2869 904 2937 pos
