1967 3600
207 317 258 387 40
306 293 777 375 uprrnrruravn.

208 414 346 475 candidus
370 412 431 487 est,
453 414 573 473 aliorum
603 432 781 495 purpureus,
809 408 885 471 aiio·

209 517 274 556 rum
292 516 395 560 varrus.
431 553 432 559 ,
871 520 873 529 ⁴

204 610 226 629 ι
249 571 417 636 xxxvllt.
436 570 565 633 Lauucae
583 569 679 632 Graect
707 570 760 632 tria
784 571 886 632 fecere

209 672 431 739 genera:uuum
446 651 496 711 lati
515 653 621 726 taulis,
639 653 713 712 adeo
730 669 763 712 ut
783 651 890 712 ostiola

210 736 326 796 olitoria
339 753 375 793 ex
384 733 427 791 his
438 730 557 792 fauitari
568 732 758 812 prodiderint.
769 731 889 792 Folium

209 817 254 883 his
274 812 359 894 paulo
384 809 477 890 majus
492 811 654 885 herbaceo,
673 814 706 873 δι
725 810 891 894 augustissi-

205 914 309 965 mum,
325 911 357 953 ut
375 892 443 952 alibi
452 890 622 973 consumpto
634 895 819 953 incremento.
834 891 893 951 At-

204 992 305 1035 ‘terum
318 974 433 1034 rotundi
442 973 544 1033 caulis:
556 974 671 1033 tertium
681 971 792 1043 sessile,
804 971 890 1053 quod

204 1052 377 1114 .Laconicon
397 1071 512 1114 vocant.
531 1053 591 1113 Alii
600 1054 714 1126 colore,
726 1054 757 1113 &
770 1070 894 1134 tempo·

211 1155 244 1195 re
261 1133 353 1206 satias,
373 1154 477 1215 genera
495 1128 667 1194 discrevere.
680 1131 742 1192 Esse
756 1135 833 1193 enim
844 1135 896 1191 ni·

212 1235 294 1297 gras,
313 1235 432 1295 quarum
451 1213 549 1277 semen
563 1214 661 1274 mense
673 1212 807 1273 Januario
818 1212 897 1272 sera·

214 1313 278 1358 tur:
292 1296 385 1368 albas,
395 1316 514 1377 quarum
526 1293 635 1355 Martio
645 1316 652 1354 :
664 1294 814 1362 rubentes,
825 1314 897 1375 qua-

118 1389 119 1393 ’
214 1397 280 1436 rum
300 1376 403 1457 Aprili.
432 1375 469 1434 Et
499 1377 630 1436 omnium
656 1395 754 1434 earum
781 1374 896 1459 plantas

136 1512 138 1515 ,
206 1455 282 1538 post
304 1456 389 1515 binos
407 1453 520 1514 menses
542 1454 657 1515 deferri·
683 1454 898 1537 Diligentiores

216 1537 301 1618 plura
318 1554 423 1616 genera
438 1533 560 1596 faciunt:
578 1554 750 1616 purpureas,
770 1532 900 1616 crispas,

206 1614 424 1698 Cappadocas,
445 1613 572 1676 Graecas.
600 1615 752 1697 Longioris
777 1616 827 1674 has
844 1613 898 1674 fo-

206 1695 270 1767 iii,
287 1693 429 1774 caulisque
458 1695 527 1754 lati:
544 1713 681 1775 praeterea
700 1697 779 1777 longi
798 1697 830 1756 δι
845 1716 901 1755 an·

206 1774 308 1860 ssgusti,
326 1775 417 1836 intubi
437 1774 545 1836 similis.
566 1776 723 1838 Pessimum
741 1794 836 1837 autem
851 1796 901 1858 ge·

205 1878 273 1916 -nus
284 1875 350 1916 cum
360 1854 580 1936 exprobratione
591 1857 784 1918 amaritudinis
796 1878 812 1916 a
833 1858 903 1936 pel·

220 1938 319 1997 lavere
344 1936 462 2017 pierida.
491 1935 539 1996 Est
557 1940 712 1998 etiamnum
729 1938 782 1997 alia
822 1935 903 1997 istin-

204 2016 279 2078 ·&io
294 2033 381 2091 atrae,
396 2037 461 2097 quae
476 2020 607 2077 meconis
626 2035 766 2090 vocatur,
788 2019 903 2097 acopid

135 2114 137 2116 ’
222 2096 301 2157 ladis
318 2095 684 2180 soporiferi‚.quamquam
703 2119 806 2160 omnes
824 2096 905 2178 som·

222 2198 294 2238 num
316 2198 415 2260 parere
427 2179 591 2239 creduntur.
603 2179 693 2258 Apud
704 2182 835 2261 antiquos
846 2176 904 2239 lta·

209 2260 271 2320 :liae
285 2260 342 2319 hoc
355 2257 446 2319 solnm
465 2279 555 2341 genus
576 2279 673 2317 carum
692 2258 759 2331 fuit,
775 2260 808 2319 δι
829 2258 904 2319 ideo

163 2340 164 2343 ’
185 2381 187 2387 ι
224 2338 340 2401 laducae
358 2359 466 2398 nornen
479 2339 600 2417 adeptae.
622 2337 793 2418 Purpuream
810 2342 907 2399 maxi·

210 2442 283 2482 :mae
303 2419 404 2480 radicis
413 2462 424 2490 ,
440 2414 625 2478 Caecilianam
641 2434 758 2478 vocant.
774 2415 906 2479 Rotun-

210 2503 295 2574 -darn
311 2502 382 2561 vero
402 2521 435 2559 ac
451 2498 573 2558 minima
590 2497 705 2571 radice,
720 2499 784 2557 latis
801 2496 904 2575 foliis,

210 2579 366 2659 :astytidaz
383 2579 557 2662 quidamque
574 2580 753 2653 eunuchion,
765 2581 906 2719 aproniana

213 2660 292 2720 ,baec
309 2659 608 2740 maxime-refragetur
627 2659 746 2728 Veneri.
796 2658 820 2719 st
882 2662 906 2709 '-

214 2739 297 2796 rdem
318 2756 419 2799 natura
429 2738 640 2798 omnibus'refri
662 2740 781 2814 erarrix,
793 2682 904 2802 &idda

214 2813 325 2881 testate
345 2836 431 2901 gratae
439 2817 588 2882 stomacho
605 2758 906 2905 radamantum,
