1967 3600
247 276 316 378 378
368 278 404 350 C.
428 276 617 346 Prturr
648 274 850 346 Ninon:

244 419 310 460 tunt
328 398 386 470 sit,
408 395 488 478 quod
516 392 684 454 tradiderint
703 393 775 454 aliis.
799 391 910 455 Accedit

246 481 318 540 ratio
338 477 513 539 inventionis
530 494 646 557 anceps.
666 471 790 555 Quippe
800 476 910 535 edamin

246 557 590 719 ¹{Pfisti⁵’·²¹i{⁸dimit
607 552 706 628 casus,
724 557 792 615 alias
804 554 854 637 (ut
867 574 911 618 re·

250 660 265 701 r
322 657 422 702 txettnt
478 657 540 697 eus.

285 716 438 779 insanabile
458 716 496 777 ad
507 714 595 776 hosce
613 713 860 777 anuossuittabidi
867 727 909 774 cad

246 800 290 864 uis
300 796 426 870 morsus,
442 817 585 879 pavorem
602 817 702 878 aquae,
714 795 848 878 potiusque
858 814 914 856 om·

244 880 288 939 nis
305 876 438 938 adferens
457 877 570 939 odium.
589 876 693 958 Nuper
704 874 842 955 cujusdam
857 875 913 933 tui·

245 958 354 1019 litantis
370 959 402 1018 in
418 956 559 1018 Praetorio
575 973 668 1017 mater
686 958 759 1019 vidit
770 956 909 1037 inquiete,

246 1054 280 1098 ut
299 1038 428 1102 radicem
446 1036 583 1098 silvestris
598 1034 692 1111 rosae,
712 1057 797 1118 quatu
814 1055 910 1115 cynor-

231 1118 362 1191 rhodon
372 1136 478 1180 vocant
485 1163 497 1192 ,
505 1117 663 1179 blanditam
674 1118 730 1178 sibi
742 1115 847 1198 aspedu
858 1116 909 1197 pti·

245 1198 296 1260 die
315 1200 347 1258 in
367 1197 505 1271 fratello,
521 1200 651 1260 mitteret
670 1196 733 1258 filio
748 1196 907 1258 bibendam:

247 1280 278 1340 in
293 1278 446 1342 Lacetanii
465 1300 512 1340 res
529 1280 698 1361 gerebatur,
709 1277 846 1360 Hispani:
853 1295 912 1357 pto·

247 1360 328 1421 ximi
348 1378 447 1442 parte:
464 1359 590 1441 casuque
606 1359 728 1432 accidit,
746 1376 778 1420 ut
796 1358 875 1418 milite
894 1376 911 1416 a

248 1439 345 1514 morsu
368 1442 446 1502 canis
466 1442 624 1521 incipiente
645 1459 733 1521 aquas
755 1435 911 1521 expavesce·

249 1519 331 1593 re,s
419 1523 511 1581 enitet
530 1518 776 1602 epistola'orantis
794 1538 825 1579 nt
840 1536 914 1599 pare·

249 1618 294 1662 ret
310 1621 341 1662 te
354 1603 460 1683 'gioria
476 1598 658 1682 servatusque
681 1598 723 1661 est
744 1620 780 1660 ex
797 1597 913 1681 inspera-

248 1698 299 1754 ro‚
310 1682 342 1742 δι
354 1680 453 1763 postea
471 1679 596 1764 quisquis
606 1680 744 1741 auxilium
758 1681 844 1741 simile
857 1697 912 1739 ten·

247 1763 333 1823 tavit.
353 1761 434 1825 Aliis
452 1762 530 1845 apud
540 1761 670 1824 sudores
682 1760 914 1843 cynorrhodiuua

249 1843 394 1903 medicina
413 1862 490 1904 etat:
508 1841 683 1926 spongiolae,
702 1864 768 1926 quae
785 1841 916 1905 innidiis

249 1921 336 2000 spinis
358 1922 421 1999 ejus
442 1921 585 1996 nascitur,
602 1926 699 1985 cinere
725 1944 793 1984 curn
819 1920 914 1993 tuelle,

249 2000 393 2080 alopecias
411 2004 512 2082 capitis
538 2003 655 2084 expleri.
676 2003 713 2064 ln
735 2005 836 2066 eidem
851 2023 915 2086 pro·

248 2082 343 2145 vincit
361 2086 488 2165 cognovi
505 2085 535 2142 in
554 2105 624 2167 agro
642 2083 700 2145 hos
715 2086 761 2145 itis
780 2105 866 2166 nuper
878 2081 917 2143 ibi

248 2163 610 2244 repertumdtacunculutu
618 2185 692 2246 appe
730 2182 793 2226 tunt
801 2163 917 2237 caulem,

250 2243 381 2326 pollicari
393 2244 579 2306 crassitudine
589 2289 599 2319 ,
608 2246 834 2306 versicoloribus
844 2246 919 2326 ripe⁴

251 2344 346 2383 tatum
365 2325 503 2396 maculis,
532 2344 601 2384 uent
614 2323 747 2387 serebant
758 2343 919 2388 contraotn·

251 2405 333 2469 nium
352 2395 462 2466 diorsus
522 2425 539 2465 e
556 2407 705 2467 remedio:
723 2406 829 2480 alium,
842 2402 921 2488 quim

251 2485 672 2628 sliddds‘sdslllr
686 2482 921 2649 sdffuddz

250 2647 419 2707 miraculum
441 2645 593 2707 existentis
617 2645 646 2710 se
669 2649 748 2708 terti
765 2648 804 2709 ad
845 2650 922 2708 rimas

221 2758 222 2761 ¹
247 2723 423 2817 serpentium
441 2730 646 2801 vernationes,
664 2728 793 2806 bipedali
815 2671 877 2789 sire
890 2725 923 2786 al·
963 2768 964 2807 p

250 2804 390 2889 titudine,
406 2807 555 2895 rursusque
574 2828 642 2874 curu
659 2807 764 2870 iisdem
778 2810 810 2871 in
825 2822 923 2873 tertam
