1967 3600
236 312 309 405 284
359 277 395 388 C.
416 315 590 383 Paruit
624 313 814 412 Nrrun'.

237 433 314 497 Item
336 433 484 501 ardoribus
499 432 529 489 in
548 428 621 490 febri
644 451 710 490 curn
732 432 822 511 aqui:
838 425 900 503 &ai

237 511 343 575 vetusti
354 535 412 574 non
428 514 464 571 sit
474 512 610 580 occasio,
621 509 808 591 decoquitur,
818 530 847 573 ut
858 531 902 572 ve·

237 592 371 663 tustatem
383 588 575 671 representet.
592 651 594 654 ,

279 671 355 734 XLI.
366 669 476 733 Oleum
489 672 616 741 cicinum
632 669 745 739 bibitur
758 669 794 730 ad
813 690 904 751 purga·

239 752 331 821 tiones
349 753 457 815 ventris
484 770 552 811 curn
580 754 643 831 pati
664 751 754 811 caldae
778 749 903 810 mensuri.

238 829 376 891 Privatim
394 831 497 891 dicitur
517 829 644 912 purgare
663 830 829 910 praecordia.
839 830 904 889 Pro·.

237 907 300 977 dest
309 911 350 980 ,ἃ
366 911 552 971 articulorum
578 909 710 982 morbis,
728 911 832 972 duritiis
848 929 905 983 om:

238 989 322 1059 uibus
330 1028 347 1061 ,ι
360 991 456 1050 vulvis
468 1033 478 1064 ,
495 991 607 1051 auribus
618 1033 627 1058 ,
638 989 785 1051 ambustis.
795 988 866 1051 ¹Cum
875 989 905 1061 ci·

237 1088 308 1129 nere
328 1071 579 1142 vetinmuricum,
596 1068 671 1129 sedis
689 1070 904 1144 inflammationi

239 1150 316 1221 bus,
334 1152 405 1210 item
420 1147 521 1231 psorae.
539 1147 765 1211 Coloremcutis
776 1162 905 1224 commen·

240 1228 516 1311 dat,capillunrque
534 1228 618 1289 fertili
625 1231 737 1310 ³naturai
746 1247 855 1291 evocat.
864 1227 906 1288 Se·
924 1248 927 1251 ’

241 1329 313 1379 men
334 1331 373 1370 ex
392 1328 449 1392 quo
469 1308 521 1382 fit,
541 1310 619 1371 nulla
643 1314 771 1370 animans
796 1309 905 1390 attingit.

243 1387 396 1470 Ellychnia
415 1411 451 1451 ex
472 1391 531 1450 uvir
556 1388 648 1465 fiunt,
665 1391 801 1451 claritatis
822 1391 907 1470 praeci·

242 1490 318 1551 puae.
337 1469 382 1530 Ex
407 1471 475 1531 oleo
499 1471 597 1529 lumen
623 1469 777 1532 obscurum
803 1486 907 1550 propter

244 1552 362 1611 nimiam
372 1550 609 1631 pinguitudinem.
628 1550 709 1611 Folia
726 1552 784 1632 igni
800 1550 871 1610 sacro
880 1550 907 1625 il·

240 1630 372 1691 ‘linuntur
393 1650 429 1703 ex
448 1646 552 1691 aceto:
573 1648 625 1710 per
637 1628 669 1690 se
684 1647 781 1691 autem
799 1630 908 1690 recentia

246 1712 380 1769 mammis
390 1711 421 1772 ὅ(
431 1709 704 1790 epiphorisaEadem
717 1709 832 1770 decocia
841 1714 865 1769 in
874 1711 908 1767 vi·

241 1792 287 1851 ‘no
301 1789 589 1869 inflammationibus,
601 1812 667 1853 cum
680 1791 798 1871 polenta
811 1791 848 1853 &1
857 1809 909 1874 cro·

238 1869 301 1956 'coz
316 1890 368 1951 per
384 1870 412 1931 se
432 1887 529 1931 autem
547 1871 644 1932 triduo
666 1873 802 1954 imposita
822 1870 908 1931 faciem

268 1966 377 2009 urant.
425 1988 427 1992 .

244 1968 266 2104 ξ
296 1969 388 2093 itm.
407 2013 523 2092 'oleum
554 2033 774 2116 amygdalinum
802 2011 910 2116 purgat}

247 2109 341 2196 mollit
367 2131 512 2191 corpora,
534 2130 632 2173 cutem
660 2132 782 2197 erugat,
800 2116 909 2196 nitorem

247 2192 453 2264 commendat,
465 2213 552 2254 varos
563 2214 629 2253 cum
641 2196 729 2255 melle
737 2190 910 2257 tollitefacie.

149 2273 152 2277 ’
246 2268 419 2331 Prodest&
443 2272 575 2346 auribus,
594 2294 662 2334 cum
678 2273 795 2338 rosaceo
812 2270 910 2344 &mel-

244 2350 278 2412 le
297 2351 330 2411 &
351 2351 418 2411 mali
428 2350 527 2412 Punici
536 2356 666 2432 germine
679 2354 910 2427 decoiium,ver·

244 2429 425 2571 'miculosgue
436 2432 518 2492 inhis
535 2452 638 2507 necat,
652 2437 685 2497 δι
694 2438 909 2516 gravitatemau·

249 2511 325 2572 ditiis
343 2513 373 2572 di
386 2514 474 2585 cunt,
490 2511 577 2573 sonos
592 2517 718 2576 incertos
735 2517 768 2578 ἃ
788 2515 910 2584 tinnitus,

249 2591 343 2651 obiter
363 2595 461 2673 capitis
479 2593 614 2666 dolores,
639 2596 671 2656 &
690 2595 848 2658 oculorum.
858 2590 912 2665 Me:

249 2670 334 2730 detur
352 2671 524 2747 furunculis,
543 2675 607 2733 &a
624 2672 693 2735 Sole
712 2675 781 2735 ustis
800 2693 860 2735 cum
876 2687 912 2744 co

199 2773 202 2778 ·
246 2750 289 2832 ri.
312 2750 417 2812 Ulcera
432 2754 574 2822 manantia
598 2755 631 2815 dc
648 2753 772 2820 furfures
791 2773 853 2815 cum
872 2752 912 2809 vi·

244 2829 287 2887 rio
304 2840 460 2915 expurgat:
477 2833 686 2915 condylomata
701 2856 770 2899 curn
782 2829 910 2899 meliloto·
