1967 3600
695 17 706 46 Ι

251 277 320 379 380
370 281 407 354 C.
426 279 600 350 Pr'rurr
633 277 826 350 Natura.
914 367 917 374 Ι

248 399 376 472 fortassis
394 397 533 480 aliquibus
547 416 643 457 curam
654 394 779 457 nostram
789 381 927 459 frivolam*

248 500 369 561 quoque
380 478 591 539 existimaretis:
602 477 678 537 adeo
687 477 797 537 deliciis
808 476 918 538 sordent

249 561 338 621 etiam
356 580 419 640 quae
435 558 471 617 ad
488 557 606 617 salutem
618 558 772 638 pertinent.
783 557 918 619 Aulioret

249 657 347 702 tamen
361 658 480 720 quarunt
493 640 695 710 inveniuntur,
713 640 744 697 in
758 641 858 719 primis
876 640 925 706 ee?

251 721 360 784 lebrare
379 739 430 799 pat
448 716 509 789 est,
528 716 631 777 esseilu
644 738 744 778 earum
762 717 872 813 digesto
891 720 918 796 in

249 819 354 882 genera
370 797 549 858 morborum.
568 794 645 876 Qui'
657 798 774 879 quidem
792 821 822 857 tn
840 818 920 878 repul

247 881 355 943 tatione
378 876 507 938 misereri
517 876 600 938 sortis
617 879 748 938 humanae
757 876 840 947 subit,
852 897 919 958 prae·

248 974 291 1020 ter
305 956 424 1019 fortuita
443 955 597 1038 casusque,
608 960 641 1019 &
657 960 843 1040 quaenomina
854 977 917 1017 om·

248 1040 292 1098 nis
313 1038 385 1098 hora
403 1039 566 1118 excogitat,
585 1037 622 1097 ad
642 1039 734 1098 millia
756 1038 917 1099 morborum

239 1115 368 1200 'singulis
383 1119 548 1179 mortalium
566 1118 705 1179 timenda.
730 1118 795 1197 Qui
814 1119 918 1200 gravis·

250 1200 318 1259 simi
337 1219 375 1258 ex
390 1198 435 1257 his
451 1200 506 1258 sint
524 1196 706 1270 discernere,
726 1198 917 1278 stultitiaepro-

251 1279 291 1361 pe
302 1279 396 1341 videri
412 1278 523 1359 potest,
535 1280 602 1340 cium
614 1278 678 1339 suus
688 1282 793 1361 cuique
805 1281 840 1339 ad
850 1299 917 1359 pra·

253 1358 317 1420 sens
335 1356 452 1441 quisque
470 1361 663 1420 atrocissimus
678 1361 821 1421 videatur.
834 1359 866 1420 Et
881 1358 914 1417 de

253 1440 310 1500 hoc
329 1456 427 1499 tamen
447 1437 613 1518 judicavere
634 1442 691 1500 aevi
710 1461 746 1500 ex
788 1444 914 1511 rimenta,

251 1518 423 1599 asperrimos
440 1521 579 1602 cruciatus
592 1518 649 1580 effe
664 1462 838 1580 calculoerum
847 1541 861 1579 a
870 1517 916 1578 stit·

253 1599 353 1661 licidio
374 1601 497 1660 vesicaet
513 1601 677 1679 proximum
695 1599 846 1673 stomachi,
862 1610 914 1658 ter·'

251 1680 325 1739 tium
347 1699 448 1739 eorum
468 1701 533 1761 quae
550 1682 580 1739 in
601 1682 694 1760 capite
712 1681 829 1742 doleant
843 1702 851 1740 :
863 1698 913 1738 non

253 1758 294 1820 ob
308 1760 380 1821 alios
396 1758 458 1821 fere
475 1777 570 1821 morte
590 1760 717 1822 conciti.⁴
732 1760 760 1821 A
776 1758 914 1824 Grecis&

192 1857 195 1862 ·
251 1843 352 1899 noxias
374 1840 478 1900 herbas
497 1840 703 1902 demonstratas
732 1845 821 1904 miror
844 1839 916 1921 equi·

252 1918 330 1979 dent.
349 1919 413 1979 Nec
435 1940 618 1982 venenorum
638 1925 775 1984 tantitmr
794 1923 914 2005 quoniam

251 2006 287 2061 e‘a
309 2000 377 2058 vitae
397 2000 529 2060 conditio
544 2000 605 2075 est,
619 2006 662 2063 ut'
673 2006 750 2063 mori
761 2004 914 2084 plerumque

252 2078 340 2139 etiam
349 2080 453 2159 optimi
463 2098 563 2160 portus
576 2085 631 2142 sir:
642 2083 794 2165 tradatque
805 2080 915 2143 MVar·

252 2177 307 2231 ro,
319 2156 453 2220 Servium
470 2158 610 2222 Clodium
624 2164 753 2243 equitem
764 2164 913 2224 Romanum

252 2239 445 2320 magnitudine
464 2241 574 2302 doloris
592 2245 623 2301 in
640 2243 770 2327 podagri
778 2242 914 2311 cestium,

246 2338 369 2380 «veneno
390 2341 470 2379 crura
490 2316 914 2405 perunxiffe,&posteacaruis·

122 2454 125 2461 .
165 2458 168 2461 .
253 2396 283 2465 le
300 2397 378 2461 sensu
394 2403 492 2472 omni,
515 2402 598 2482 aeque
609 2403 711 2484 'quim
729 2404 830 2465 dolore
842 2404 869 2462 in
884 2397 915 2459 ei

253 2496 334 2562 parte
348 2484 486 2562 corporis.
505 2479 563 2543 Sed
578 2504 642 2565 quae
656 2482 710 2544 fuit
731 2486 817 2546 venia
839 2499 917 2542 mou-

253 2557 384 2633 strandi,'
400 2563 458 2642 qul
477 2580 588 2624 mentes
614 2561 813 2636 solverentur,
831 2576 913 2645 partus

254 2640 628 2726 eliderenturmultaquej
642 2645 774 2705 similia?
793 2645 854 2727 Ego
869 2658 915 2701 nec
964 2660 965 2665 ¹

253 2719 385 2782 abortiva
403 2721 490 2795 dico,
510 2745 544 2784 ac
567 2745 605 2784 ne
635 2726 774 2785 amatoria
794 2723 913 2807 quidem,

251 2816 368 2864 memor
393 2801 546 2870 Lucullum
574 2805 782 2886 imperatorem
806 2801 917 2868 clarissi-¹
